,OrderID,Time Submission,Direction_x,Price Submission,Size Submission,Time Cancellation,lifetime,Size Cancellation,Ask Price 1 Submission,Bid Price 1 Submission,Ask Price 1 Cancellation,Bid Price 1 Cancellation,Effective Spread Submission,Effective Spread Cancellation,Volatility,Number of Orders Submitted
0,21748178,2012-06-21 09:33:20.045403000,-1.0,2239900.0,400.0,2012-06-21 09:33:20.295961000,0.25055743199482094,200,2239900.0,2236000.0,2239900,2236000,3900.0,3900,1808.4305363987946,511
1,21866417,2012-06-21 09:33:26.544100000,-1.0,2239600.0,400.0,2012-06-21 09:33:29.326019000,2.781918737004162,200,2239600.0,2236500.0,2239600,2236500,3100.0,3100,1803.615030195578,516
2,35085399,2012-06-21 09:45:53.192597000,-1.0,2237400.0,400.0,2012-06-21 09:45:53.193727000,0.0011297359960735776,200,2237100.0,2235100.0,2237200,2235100,2000.0,2100,2570.6579991271606,2877
3,35699321,2012-06-21 09:46:34.067921000,-1.0,2237300.0,400.0,2012-06-21 09:46:42.588302000,8.52038038399769,200,2237300.0,2235500.0,2237200,2235500,1800.0,1700,2614.7200212862813,2962
4,38755648,2012-06-21 09:50:14.485101000,-1.0,2239900.0,6.0,2012-06-21 09:50:19.553828000,5.068726598008652,1,2239900.0,2237600.0,2239900,2238000,2300.0,1900,2014.628373327693,3184
5,42650801,2012-06-21 09:54:59.123211000,-1.0,2243800.0,400.0,2012-06-21 09:54:59.443786000,0.32057469200663036,200,2243800.0,2241600.0,2243700,2241600,2200.0,2100,2985.6028757477243,4048
6,53304490,2012-06-21 10:04:35.740196000,-1.0,2236000.0,4.0,2012-06-21 10:04:36.163977000,0.4237818559995503,1,2236000.0,2235000.0,2236000,2235000,1000.0,1000,3473.4855748910063,4504
7,61021811,2012-06-21 10:12:03.703099000,-1.0,2235900.0,2.0,2012-06-21 10:12:03.706344000,0.0032451349979965016,1,2235900.0,2234700.0,2235900,2234700,1200.0,1200,3589.3122726755464,4625
8,62393340,2012-06-21 10:14:01.146857000,-1.0,2235000.0,3.0,2012-06-21 10:14:02.615180000,1.4683232419993146,1,2235000.0,2234200.0,2235000,2233400,800.0,1600,2818.069528503304,4488
9,89131188,2012-06-21 10:52:49.996197000,-1.0,2257400.0,200.0,2012-06-21 10:52:49.997836000,0.0016393240002798848,100,2257300.0,2254600.0,2257300,2255000,2700.0,2300,5312.518218470366,3442
10,89137728,2012-06-21 10:52:51.121409000,1.0,2254200.0,200.0,2012-06-21 10:52:51.560760000,0.43935077999776695,100,2257300.0,2255000.0,2257300,2255000,2300.0,2300,5315.630915402635,3454
11,89264643,2012-06-21 10:53:03.943700000,1.0,2255000.0,200.0,2012-06-21 10:53:04.147210000,0.2035100069915643,100,2257400.0,2255200.0,2257400,2256600,2200.0,800,5426.780646239349,3449
12,89334655,2012-06-21 10:53:09.389863000,1.0,2255700.0,200.0,2012-06-21 10:53:09.594830000,0.20496633899892913,100,2257500.0,2256400.0,2257500,2256400,1100.0,1100,5526.225057281479,3476
13,89347234,2012-06-21 10:53:10.438334000,1.0,2255700.0,200.0,2012-06-21 10:53:10.438797000,0.0004626629961421713,100,2257500.0,2256400.0,2257500,2256400,1100.0,1100,5542.032469959013,3476
14,89372094,2012-06-21 10:53:13.014136000,1.0,2255600.0,200.0,2012-06-21 10:53:14.398472000,1.384335346003354,100,2257500.0,2256400.0,2257500,2256400,1100.0,1100,5542.032469959013,3478
15,89407931,2012-06-21 10:53:17.177632000,1.0,2255700.0,200.0,2012-06-21 10:53:18.165082000,0.9874501669983147,100,2257500.0,2256600.0,2257500,2256600,900.0,900,5635.001448690096,3477
16,89430047,2012-06-21 10:53:19.842193000,1.0,2255900.0,200.0,2012-06-21 10:53:19.865185000,0.022992476006038487,100,2258200.0,2256100.0,2258200,2256100,2100.0,2100,5766.851422414386,3502
17,89492125,2012-06-21 10:53:29.791403000,1.0,2257200.0,200.0,2012-06-21 10:53:29.803852000,0.012449642999854404,100,2259600.0,2258500.0,2259600,2258500,1100.0,1100,6177.696460655862,3590
18,89505187,2012-06-21 10:53:31.390638000,1.0,2257400.0,200.0,2012-06-21 10:53:31.400901000,0.010262643001624383,100,2259400.0,2258500.0,2259400,2258500,900.0,900,6192.5538798533025,3588
19,89595680,2012-06-21 10:53:43.814129000,1.0,2258400.0,200.0,2012-06-21 10:53:43.852379000,0.038249732002441306,100,2260300.0,2259900.0,2260300,2259900,400.0,400,6527.457401373127,3636
20,89595890,2012-06-21 10:53:43.856538000,1.0,2258300.0,200.0,2012-06-21 10:53:43.860182000,0.003643974006990902,100,2260300.0,2258600.0,2260300,2258600,1700.0,1700,6552.5667902083105,3640
21,89595955,2012-06-21 10:53:43.863045000,1.0,2258100.0,200.0,2012-06-21 10:53:43.863756000,0.0007113230021786876,100,2259900.0,2258600.0,2259900,2258600,1300.0,1300,6552.5667902083105,3644
22,89748310,2012-06-21 10:53:59.015611000,1.0,2257900.0,200.0,2012-06-21 10:54:01.838050000,2.8224390529940138,100,2259900.0,2258800.0,2259900,2258800,1100.0,1100,6582.757522394361,3609
23,89889224,2012-06-21 10:54:12.782810000,1.0,2258000.0,200.0,2012-06-21 10:54:13.165208000,0.38239829600206576,100,2260100.0,2258800.0,2260100,2258800,1300.0,1300,6812.9898160165585,3652
24,89944107,2012-06-21 10:54:17.464418000,-1.0,2259200.0,200.0,2012-06-21 10:54:17.465697000,0.0012790850014425814,100,2258800.0,2257200.0,2258800,2257000,1600.0,1800,6821.9684376802,3690
25,90387235,2012-06-21 10:55:12.454690000,1.0,2256000.0,200.0,2012-06-21 10:55:16.232213000,3.7775219600007404,100,2257300.0,2256800.0,2257400,2256800,500.0,600,6858.711977616976,3674
26,91271426,2012-06-21 10:57:02.221411000,1.0,2251800.0,200.0,2012-06-21 10:57:02.618729000,0.3973177240040968,100,2253500.0,2252300.0,2253700,2252300,1200.0,1400,6234.174014734377,3526
27,91278027,2012-06-21 10:57:03.029145000,1.0,2251500.0,200.0,2012-06-21 10:57:03.665306000,0.6361605740021332,100,2253700.0,2252300.0,2253700,2252300,1400.0,1400,6234.174014734377,3531
28,91768358,2012-06-21 10:57:48.443741000,1.0,2250500.0,200.0,2012-06-21 10:57:52.716139000,4.272398159999284,100,2253100.0,2251300.0,2252700,2251300,1800.0,1400,6146.076625319397,3626
29,92601743,2012-06-21 10:58:53.332047000,-1.0,2252800.0,200.0,2012-06-21 10:58:53.359302000,0.02725501400709618,100,2251700.0,2250100.0,2251700,2250100,1600.0,1600,6044.02222438244,3776
30,92631325,2012-06-21 10:58:54.693836000,1.0,2249900.0,200.0,2012-06-21 10:58:54.910025000,0.21618893400591332,100,2251900.0,2250200.0,2251900,2250200,1700.0,1700,6038.600439525805,3793
31,93959051,2012-06-21 11:00:32.859900000,-1.0,2251200.0,200.0,2012-06-21 11:00:32.897146000,0.03724535799847217,100,2250700.0,2249800.0,2250700,2249800,900.0,900,5479.834730256506,3766
32,94269966,2012-06-21 11:00:47.163019000,-1.0,2251400.0,200.0,2012-06-21 11:00:47.165842000,0.002822915994329378,100,2250800.0,2249300.0,2250800,2249300,1500.0,1500,5421.672892677371,3772
33,94562770,2012-06-21 11:01:10.338091000,1.0,2249900.0,200.0,2012-06-21 11:01:11.394711000,1.0566191939942655,100,2252000.0,2250400.0,2252000,2250400,1600.0,1600,5375.543419658021,3847
34,94603414,2012-06-21 11:01:15.726735000,-1.0,2252500.0,200.0,2012-06-21 11:01:15.727209000,0.00047417600580956787,100,2252000.0,2250400.0,2252000,2250400,1600.0,1600,5237.966094737364,3827
35,94988912,2012-06-21 11:01:56.797766000,1.0,2249900.0,200.0,2012-06-21 11:01:57.338133000,0.540366694003751,100,2252300.0,2250400.0,2252300,2250400,1900.0,1900,4924.2690269001005,3753
36,95004939,2012-06-21 11:01:59.282132000,1.0,2249900.0,200.0,2012-06-21 11:01:59.282609000,0.00047628299944335595,100,2252200.0,2250400.0,2252200,2250400,1800.0,1800,4924.2690269001005,3767
37,95099536,2012-06-21 11:02:05.421470000,-1.0,2251700.0,200.0,2012-06-21 11:02:05.459416000,0.0379460129988729,100,2251400.0,2250400.0,2251400,2250400,1000.0,1000,4916.900437650454,3813
38,95557535,2012-06-21 11:02:29.605489000,-1.0,2249400.0,200.0,2012-06-21 11:02:29.609608000,0.004119095996429678,100,2249000.0,2247400.0,2249000,2247400,1600.0,1600,4843.14594638925,3931
39,97239034,2012-06-21 11:04:22.553087000,-1.0,2247400.0,200.0,2012-06-21 11:04:22.604879000,0.05179222600418143,100,2246900.0,2245500.0,2246900,2245500,1400.0,1400,4753.346422834023,4185
40,97307347,2012-06-21 11:04:27.980789000,-1.0,2247000.0,200.0,2012-06-21 11:04:27.981929000,0.0011402859963709489,100,2246900.0,2245500.0,2246900,2245500,1400.0,1400,4699.212771824947,4206
41,97336972,2012-06-21 11:04:29.943997000,-1.0,2246700.0,200.0,2012-06-21 11:04:30.690805000,0.7468074389980757,100,2246600.0,2244900.0,2246600,2244900,1700.0,1700,4699.212771824947,4244
42,97550106,2012-06-21 11:04:35.066059000,-1.0,2246500.0,200.0,2012-06-21 11:04:35.069186000,0.0031277259986381978,100,2245900.0,2244500.0,2245900,2244500,1400.0,1400,4684.786494343707,4290
43,97801286,2012-06-21 11:04:50.094516000,-1.0,2245800.0,200.0,2012-06-21 11:04:50.095000000,0.0004838189997826703,100,2245800.0,2244100.0,2245800,2244100,1700.0,1700,4595.804940998774,4265
44,97989429,2012-06-21 11:05:05.692698000,-1.0,2246400.0,200.0,2012-06-21 11:05:05.695491000,0.00279321099515073,100,2246300.0,2244700.0,2246300,2244700,1600.0,1600,4633.733586395809,4266
45,97990400,2012-06-21 11:05:05.732622000,-1.0,2246700.0,200.0,2012-06-21 11:05:12.657207000,6.9245855230037705,100,2245600.0,2244700.0,2246300,2244700,900.0,1600,4633.733586395809,4270
46,98049004,2012-06-21 11:05:12.733393000,-1.0,2247300.0,200.0,2012-06-21 11:05:12.738148000,0.004755071000545286,100,2246500.0,2245000.0,2246500,2245000,1500.0,1500,4646.236398859468,4278
47,98192879,2012-06-21 11:05:24.578185000,1.0,2244800.0,200.0,2012-06-21 11:05:24.586901000,0.008716483003809117,100,2246500.0,2245600.0,2246500,2245600,900.0,900,4646.236398859468,4329
48,99253521,2012-06-21 11:06:42.141329000,-1.0,2248100.0,200.0,2012-06-21 11:06:42.142194000,0.0008645240013720468,100,2247300.0,2246100.0,2247300,2246100,1200.0,1200,4246.183174621406,4538
49,99321916,2012-06-21 11:06:44.125968000,-1.0,2247500.0,200.0,2012-06-21 11:06:44.127704000,0.0017356119933538139,100,2246900.0,2245600.0,2246900,2245600,1300.0,1300,4273.207572819254,4603
50,100928035,2012-06-21 11:08:55.552509000,1.0,2245900.0,200.0,2012-06-21 11:08:55.553548000,0.0010386719950474799,100,2247600.0,2246900.0,2247600,2246900,700.0,700,4467.6108790440485,3831
51,101090547,2012-06-21 11:09:05.832751000,1.0,2244800.0,200.0,2012-06-21 11:09:05.840459000,0.007707862001552712,100,2247200.0,2245700.0,2247200,2245700,1500.0,1500,4311.339047059301,3880
52,101735907,2012-06-21 11:09:37.837029000,1.0,2245600.0,200.0,2012-06-21 11:09:37.977028000,0.13999918699846603,100,2247400.0,2246200.0,2247400,2246200,1200.0,1200,3440.943683925076,3845
53,102983178,2012-06-21 11:10:54.378455000,1.0,2245500.0,200.0,2012-06-21 11:10:54.766192000,0.387736718999804,100,2247400.0,2246400.0,2247400,2246400,1000.0,1000,2982.975566817766,3900
54,104060377,2012-06-21 11:12:20.286930000,-1.0,2247900.0,200.0,2012-06-21 11:12:20.291626000,0.00469653400068637,100,2247300.0,2245500.0,2247300,2245500,1800.0,1800,2464.12944912476,3865
55,104886376,2012-06-21 11:13:27.369931000,1.0,2243000.0,200.0,2012-06-21 11:13:27.371611000,0.0016796299969428219,100,2245100.0,2244100.0,2245100,2244100,1000.0,1000,2220.1866338169157,3772
56,106231273,2012-06-21 11:14:51.693097000,-1.0,2244300.0,200.0,2012-06-21 11:14:51.694954000,0.0018573009947431274,100,2243300.0,2242000.0,2243300,2242000,1300.0,1300,2378.270084544927,3674
57,107307635,2012-06-21 11:16:02.578150000,-1.0,2245300.0,200.0,2012-06-21 11:16:03.002024000,0.42387426699860953,100,2244400.0,2243100.0,2244400,2243100,1300.0,1300,2186.003737472544,3603
58,107337290,2012-06-21 11:16:05.083734000,-1.0,2245500.0,200.0,2012-06-21 11:16:05.117170000,0.03343578400381375,100,2244400.0,2243200.0,2245000,2243200,1200.0,1800,2186.2785202816517,3619
59,107340848,2012-06-21 11:16:05.341192000,1.0,2243200.0,200.0,2012-06-21 11:16:05.374753000,0.03356103900296148,100,2246600.0,2243700.0,2246600,2243700,2900.0,2900,2106.432618301827,3678
60,107676264,2012-06-21 11:16:32.075209000,-1.0,2247300.0,200.0,2012-06-21 11:16:32.075694000,0.0004843259957851842,100,2246500.0,2245000.0,2246500,2245000,1500.0,1500,1966.5286975398515,3706
61,109637115,2012-06-21 11:19:18.214370000,-1.0,2247500.0,200.0,2012-06-21 11:19:18.973733000,0.7593631500058109,100,2246500.0,2245100.0,2246500,2245100,1400.0,1400,1443.4056352863731,3288
62,110229725,2012-06-21 11:20:15.256094000,1.0,2245400.0,200.0,2012-06-21 11:20:15.256554000,0.0004596619983203709,100,2247500.0,2245900.0,2247500,2245900,1600.0,1600,1431.5420373799213,3110
63,111244842,2012-06-21 11:21:53.321152000,-1.0,2247700.0,200.0,2012-06-21 11:21:54.450033000,1.1288808880053693,100,2246700.0,2245300.0,2246700,2245600,1400.0,1100,1506.9794025021747,2824
64,111512701,2012-06-21 11:22:06.535886000,1.0,2245800.0,200.0,2012-06-21 11:22:06.537566000,0.0016797560019767843,100,2247900.0,2246200.0,2248500,2246200,1700.0,2300,1505.6038788472883,2925
65,111896336,2012-06-21 11:22:39.601459000,-1.0,2248100.0,200.0,2012-06-21 11:22:46.129582000,6.528123415002483,100,2246700.0,2245900.0,2247700,2245900,800.0,1800,1501.3449437088059,2964
66,112058175,2012-06-21 11:22:57.675577000,-1.0,2248500.0,200.0,2012-06-21 11:22:57.677148000,0.0015706850026617758,100,2247800.0,2245900.0,2247800,2245900,1900.0,1900,1501.2199665196333,2968
67,112420985,2012-06-21 11:23:24.100764000,-1.0,2247500.0,200.0,2012-06-21 11:23:24.109513000,0.008748997999646235,100,2246900.0,2245200.0,2246900,2245200,1700.0,1700,1493.0639102195196,3022
68,112451121,2012-06-21 11:23:27.270657000,-1.0,2247500.0,200.0,2012-06-21 11:23:29.573247000,2.302589879000152,100,2246200.0,2245200.0,2246200,2245200,1000.0,1000,1495.5731626548625,3024
69,113016229,2012-06-21 11:24:26.535591000,1.0,2244300.0,200.0,2012-06-21 11:24:27.267004000,0.7314130209997529,100,2246800.0,2244900.0,2246800,2244900,1900.0,1900,1478.0576668103893,2838
70,113652006,2012-06-21 11:25:16.088188000,-1.0,2243900.0,200.0,2012-06-21 11:25:17.079627000,0.9914390360063408,100,2243100.0,2242000.0,2243000,2242000,1100.0,1000,1608.9875460968597,2844
71,113751846,2012-06-21 11:25:19.631519000,-1.0,2243100.0,200.0,2012-06-21 11:25:19.651427000,0.019908683003450278,100,2241700.0,2241200.0,2241700,2241200,500.0,500,1639.5548411891618,2892
72,114142679,2012-06-21 11:25:30.159634000,-1.0,2243600.0,200.0,2012-06-21 11:25:30.244109000,0.08447412800160237,100,2242800.0,2241000.0,2242800,2241000,1800.0,1800,1740.8455511005404,2945
73,115529939,2012-06-21 11:27:18.242615000,-1.0,2237300.0,200.0,2012-06-21 11:27:18.758118000,0.5155024920022697,100,2236600.0,2236000.0,2236600,2236000,600.0,600,3273.1785897284135,3028
74,115648580,2012-06-21 11:27:29.675421000,-1.0,2237500.0,200.0,2012-06-21 11:27:30.129399999,0.45397808399866335,100,2236800.0,2235800.0,2236800,2235800,1000.0,1000,3308.992783458806,3024
75,116805167,2012-06-21 11:29:12.417213000,-1.0,2241500.0,200.0,2012-06-21 11:29:12.424477000,0.0072644939937163144,100,2241100.0,2239400.0,2241100,2238400,1700.0,2700,3921.5335802284612,3064
76,116809477,2012-06-21 11:29:12.488460000,-1.0,2241400.0,200.0,2012-06-21 11:29:12.527827000,0.03936676999728661,100,2241000.0,2238100.0,2241000,2238100,2900.0,2900,3919.897207947058,3080
77,117307474,2012-06-21 11:30:06.031877000,-1.0,2240700.0,200.0,2012-06-21 11:30:06.032749000,0.0008716349984752014,100,2240300.0,2239500.0,2240300,2239500,800.0,800,3933.328672047914,3054
78,118086455,2012-06-21 11:31:01.189952000,1.0,2235900.0,200.0,2012-06-21 11:31:01.444926000,0.2549736720029614,100,2238800.0,2236400.0,2238800,2236400,2400.0,2400,4016.737956780734,3136
79,118466897,2012-06-21 11:31:54.009259000,-1.0,2239000.0,200.0,2012-06-21 11:31:55.265395000,1.2561358799939626,100,2238000.0,2237000.0,2238000,2237000,1000.0,1000,4033.079270528521,2984
80,119347251,2012-06-21 11:33:27.132450000,-1.0,2240100.0,200.0,2012-06-21 11:33:28.025992000,0.8935416489985073,100,2239500.0,2238800.0,2239500,2238800,700.0,700,4019.5293387528077,2980
81,119507401,2012-06-21 11:33:44.387098000,-1.0,2240600.0,200.0,2012-06-21 11:33:44.406447000,0.019348776993865613,100,2239900.0,2238800.0,2239900,2238800,1100.0,1100,4012.5438443977314,2980
82,119691191,2012-06-21 11:34:06.618204000,-1.0,2240700.0,200.0,2012-06-21 11:34:06.619869000,0.0016641620022710413,100,2239900.0,2238900.0,2239900,2238900,1000.0,1000,4002.21771930296,2980
83,120746257,2012-06-21 11:35:35.429696000,-1.0,2238800.0,200.0,2012-06-21 11:35:35.527235000,0.09753892799926689,100,2238300.0,2237100.0,2238300,2237100,1200.0,1200,3450.592103471487,2985
84,121497184,2012-06-21 11:36:17.956632000,-1.0,2238100.0,200.0,2012-06-21 11:36:18.467638000,0.5110059270009515,100,2237600.0,2236000.0,2237600,2236000,1600.0,1600,3170.0721045545806,3106
85,122275035,2012-06-21 11:37:55.167624000,-1.0,2236000.0,200.0,2012-06-21 11:37:55.183143000,0.015519266002229415,100,2236000.0,2234500.0,2236000,2234100,1500.0,1900,2811.0937997215688,2861
86,122286000,2012-06-21 11:37:57.176528000,-1.0,2236200.0,200.0,2012-06-21 11:37:57.731389000,0.5548606009979267,100,2235800.0,2233700.0,2235800,2233700,2100.0,2100,2864.608620207147,2888
87,123688501,2012-06-21 11:40:16.152206000,-1.0,2235800.0,200.0,2012-06-21 11:40:16.699236000,0.5470304300033604,100,2235700.0,2233700.0,2235700,2233700,2000.0,2000,2017.9487330603695,2699
88,124139900,2012-06-21 11:40:47.407593000,-1.0,2235100.0,200.0,2012-06-21 11:40:47.853382000,0.445789181998407,100,2234900.0,2233100.0,2234900,2233100,1800.0,1800,1905.286825692771,2597
89,124193688,2012-06-21 11:40:48.358021000,-1.0,2234900.0,200.0,2012-06-21 11:40:48.398655000,0.04063419299200177,100,2234700.0,2232900.0,2234700,2232900,1800.0,1800,1925.231340690322,2611
90,124586409,2012-06-21 11:40:57.634382000,1.0,2231700.0,200.0,2012-06-21 11:40:57.636702000,0.002320583997061476,100,2234000.0,2231800.0,2234000,2233700,2200.0,300,2046.680344094264,2678
91,126417956,2012-06-21 11:43:17.195872000,-1.0,2235900.0,200.0,2012-06-21 11:43:21.864968000,4.669096069999796,100,2235800.0,2233700.0,2235800,2233700,2100.0,2100,2242.605971591382,2686
92,126522994,2012-06-21 11:43:26.867013000,-1.0,2236000.0,200.0,2012-06-21 11:43:26.874773000,0.0077601329976459965,100,2235800.0,2233700.0,2235800,2233700,2100.0,2100,2248.256264905534,2689
93,127269370,2012-06-21 11:44:39.631140000,-1.0,2236000.0,200.0,2012-06-21 11:44:39.682602000,0.051462052993883844,100,2235100.0,2233500.0,2235100,2233500,1600.0,1600,1985.4145871694611,2528
94,127321832,2012-06-21 11:44:45.459848000,-1.0,2236000.0,200.0,2012-06-21 11:44:47.290912000,1.8310634769950411,100,2235200.0,2233500.0,2235400,2233500,1700.0,1900,1985.4145871694611,2532
95,127397988,2012-06-21 11:44:51.915618000,-1.0,2235800.0,200.0,2012-06-21 11:44:58.739975000,6.824356803997944,100,2235300.0,2233500.0,2235300,2233500,1800.0,1800,1985.4145871694611,2552
96,127513937,2012-06-21 11:45:03.400171000,-1.0,2236900.0,200.0,2012-06-21 11:45:03.412178000,0.012007475997961592,100,2236300.0,2234400.0,2236300,2234400,1900.0,1900,1980.77516195416,2578
97,127610268,2012-06-21 11:45:17.400950000,-1.0,2237000.0,200.0,2012-06-21 11:45:18.409220000,1.00827034899703,100,2236300.0,2234500.0,2236300,2234500,1800.0,1800,1810.194443670462,2511
98,127808774,2012-06-21 11:45:36.007452000,-1.0,2236200.0,200.0,2012-06-21 11:45:36.770821000,0.7633686160042998,100,2236100.0,2234200.0,2236100,2234200,1900.0,1900,1788.4831342440204,2545
99,127916777,2012-06-21 11:45:47.667883000,-1.0,2235800.0,200.0,2012-06-21 11:45:48.161829000,0.4939452899998287,100,2235000.0,2233500.0,2235000,2233500,1500.0,1500,1789.173322953977,2485
100,128007004,2012-06-21 11:45:55.843720000,-1.0,2236100.0,200.0,2012-06-21 11:45:56.542342000,0.6986222389969043,100,2235200.0,2234500.0,2235200,2234500,700.0,700,1795.1706493900042,2484
101,129272794,2012-06-21 11:48:21.196750000,-1.0,2235800.0,200.0,2012-06-21 11:48:21.476035000,0.2792842390044825,100,2234300.0,2233300.0,2234200,2233600,1000.0,600,1750.759067640425,2553
102,129274343,2012-06-21 11:48:21.476258000,-1.0,2235600.0,200.0,2012-06-21 11:48:22.273977000,0.7977185279960395,100,2234200.0,2233600.0,2233900,2233600,600.0,300,1750.759067640425,2558
103,129286135,2012-06-21 11:48:22.904239000,-1.0,2235800.0,200.0,2012-06-21 11:48:24.720317000,1.816077867995773,100,2235000.0,2233500.0,2235000,2233500,1500.0,1500,1751.6058870051227,2573
104,129331897,2012-06-21 11:48:31.275897000,1.0,2232900.0,200.0,2012-06-21 11:48:52.405117000,21.129219488000672,100,2235300.0,2234100.0,2235200,2233300,1200.0,1900,1751.6058870051227,2608
105,130138429,2012-06-21 11:50:01.722455000,1.0,2233900.0,200.0,2012-06-21 11:50:07.797246000,6.0747917120024795,100,2235900.0,2234200.0,2235900,2234200,1700.0,1700,1651.5418095341863,2572
106,131088035,2012-06-21 11:52:05.855651000,1.0,2233500.0,200.0,2012-06-21 11:52:12.365016000,6.509364450997964,100,2235500.0,2234200.0,2235000,2234100,1300.0,900,1108.6741022818042,2334
107,131124030,2012-06-21 11:52:13.816176000,-1.0,2236900.0,200.0,2012-06-21 11:52:13.821167000,0.004991601992514916,100,2236700.0,2234700.0,2236700,2234700,2000.0,2000,1093.7923341766084,2346
108,131143552,2012-06-21 11:52:14.850021000,-1.0,2237200.0,200.0,2012-06-21 11:52:14.857926000,0.007905578997451812,100,2236700.0,2234900.0,2236700,2234900,1800.0,1800,1093.7923341766084,2370
109,131210464,2012-06-21 11:52:15.715885000,1.0,2234900.0,200.0,2012-06-21 11:52:16.318866000,0.6029809410028975,100,2236900.0,2236100.0,2236900,2235100,800.0,1800,1093.8779755439887,2399
110,131868943,2012-06-21 11:53:09.446126000,1.0,2236100.0,200.0,2012-06-21 11:53:09.543452000,0.09732523599814158,100,2238200.0,2237500.0,2238200,2237500,700.0,700,1254.5682273098355,2476
111,131911018,2012-06-21 11:53:10.236014000,1.0,2235700.0,200.0,2012-06-21 11:53:10.238522000,0.0025085320012294687,100,2238200.0,2236400.0,2238200,2236400,1800.0,1800,1254.5682273098355,2483
112,132726732,2012-06-21 11:54:11.951674000,-1.0,2240600.0,200.0,2012-06-21 11:54:11.953263000,0.001588792001712136,100,2240100.0,2238900.0,2240100,2238900,1200.0,1200,1289.3538787414443,2613
113,133894597,2012-06-21 11:56:03.861053000,1.0,2236100.0,200.0,2012-06-21 11:56:21.466029000,17.604976750997594,100,2238300.0,2237300.0,2237500,2236400,1000.0,1100,1336.4650413581244,2484
114,134016996,2012-06-21 11:56:23.401312000,-1.0,2237400.0,200.0,2012-06-21 11:56:23.402557000,0.0012451899965526536,100,2237300.0,2235300.0,2237400,2235300,2000.0,2100,1302.9481015556648,2477
115,134023655,2012-06-21 11:56:23.411369000,-1.0,2237800.0,200.0,2012-06-21 11:56:23.415639000,0.004269422002835199,100,2237300.0,2235600.0,2237300,2235600,1700.0,1700,1302.9481015556648,2489
116,134229856,2012-06-21 11:56:47.145759000,1.0,2237200.0,200.0,2012-06-21 11:56:47.153375000,0.007616930000949651,100,2238700.0,2237200.0,2238900,2237200,1500.0,1700,1371.6504824165966,2585
117,134963373,2012-06-21 11:58:24.815555000,1.0,2238100.0,200.0,2012-06-21 11:58:28.133466000,3.3179106449970277,100,2240000.0,2238500.0,2239800,2238500,1500.0,1300,1630.0659115609583,2501
118,134984706,2012-06-21 11:58:28.531358000,1.0,2238200.0,200.0,2012-06-21 11:58:29.549301000,1.0179424310044851,100,2240000.0,2238500.0,2240000,2238500,1500.0,1500,1681.661052853301,2501
119,135024981,2012-06-21 11:58:35.531193000,1.0,2237900.0,200.0,2012-06-21 11:58:45.558363000,10.027169234999747,100,2240000.0,2238500.0,2239900,2238500,1500.0,1400,1681.661052853301,2498
120,135769384,2012-06-21 12:00:22.143150000,-1.0,2239900.0,200.0,2012-06-21 12:00:25.472141000,3.3289911090032547,100,2238600.0,2237700.0,2238600,2237700,900.0,900,1789.5612530888914,2393
121,136953151,2012-06-21 12:02:11.644079000,1.0,2237600.0,200.0,2012-06-21 12:02:11.646122000,0.0020430920048966072,100,2239600.0,2238300.0,2239600,2238300,1300.0,1300,1637.9527878767233,2269
122,137528395,2012-06-21 12:03:11.311101000,1.0,2235300.0,200.0,2012-06-21 12:03:11.319548000,0.008446882995485794,100,2236600.0,2235600.0,2236600,2235600,1000.0,1000,1554.9511161473727,2258
123,139715096,2012-06-21 12:06:05.843043000,1.0,2232500.0,200.0,2012-06-21 12:06:06.131067999,0.2880248229994322,100,2235000.0,2233500.0,2234600,2232800,1500.0,1800,1404.1174433744854,2429
124,139912647,2012-06-21 12:06:19.517499999,1.0,2233200.0,200.0,2012-06-21 12:06:19.581944000,0.0644438240051386,100,2235000.0,2233200.0,2235000,2233200,1800.0,1800,1634.3732399206215,2485
125,139973616,2012-06-21 12:06:23.977452000,1.0,2233500.0,200.0,2012-06-21 12:06:23.978920000,0.0014685460046166554,100,2235600.0,2233900.0,2235600,2233900,1700.0,1700,1657.4684123946186,2534
126,140209499,2012-06-21 12:06:53.184210000,1.0,2232900.0,200.0,2012-06-21 12:06:53.849534000,0.6653245790075744,100,2235400.0,2233400.0,2235200,2233400,2000.0,1800,1693.9149447360098,2537
127,140870071,2012-06-21 12:08:00.019543000,-1.0,2236900.0,200.0,2012-06-21 12:08:03.015762000,2.9962185620024684,100,2236000.0,2234600.0,2236200,2234700,1400.0,1500,1701.0991277429875,2535
128,141047722,2012-06-21 12:08:22.125033000,1.0,2234800.0,200.0,2012-06-21 12:08:24.597384000,2.4723509850009577,100,2237100.0,2235400.0,2237100,2235400,1700.0,1700,1754.096975183273,2488
129,141305297,2012-06-21 12:09:07.820201000,1.0,2234900.0,200.0,2012-06-21 12:09:07.820663000,0.0004623179993359372,100,2237700.0,2235300.0,2237700,2235300,2400.0,2400,1718.6467618075144,2469
130,142026238,2012-06-21 12:10:37.203601000,1.0,2235900.0,200.0,2012-06-21 12:10:37.205777000,0.0021765870042145252,100,2238300.0,2236300.0,2238300,2236300,2000.0,2000,1665.6555104434428,2388
131,142132527,2012-06-21 12:10:52.981556000,1.0,2236600.0,200.0,2012-06-21 12:10:52.988112000,0.006555665997439064,100,2238500.0,2236700.0,2238500,2236700,1800.0,1800,1629.4950591098548,2392
132,142132682,2012-06-21 12:10:52.990886000,1.0,2236600.0,200.0,2012-06-21 12:10:52.995433000,0.004546687996480614,100,2238500.0,2236700.0,2238500,2236700,1800.0,1800,1629.4950591098548,2395
133,142132856,2012-06-21 12:10:52.998527000,1.0,2236600.0,200.0,2012-06-21 12:10:53.004142000,0.0056152489996748045,100,2238500.0,2236700.0,2238500,2236700,1800.0,1800,1629.4950591098548,2400
134,142162254,2012-06-21 12:10:53.886312000,1.0,2236800.0,200.0,2012-06-21 12:10:54.502082999,0.6157711710038711,100,2238600.0,2236900.0,2238600,2237200,1700.0,1400,1624.4834748313067,2413
135,142436165,2012-06-21 12:11:29.643955000,1.0,2236500.0,200.0,2012-06-21 12:11:29.647300000,0.0033442019994254224,100,2238800.0,2237200.0,2238800,2237200,1600.0,1600,1636.2932364205249,2416
136,143000931,2012-06-21 12:13:06.269466000,1.0,2236200.0,200.0,2012-06-21 12:13:06.271337000,0.001870956999482587,100,2238300.0,2236500.0,2238300,2236500,1800.0,1800,1663.9460442004329,2318
137,143555794,2012-06-21 12:14:19.019711000,1.0,2235300.0,200.0,2012-06-21 12:14:19.037264000,0.017553778998262715,100,2237000.0,2236100.0,2237000,2236100,900.0,900,1566.5060875445236,2326
138,144243880,2012-06-21 12:15:26.165702000,1.0,2233700.0,200.0,2012-06-21 12:15:26.166852000,0.0011492179983179085,100,2236000.0,2234600.0,2236000,2234600,1400.0,1400,1471.6997576791255,2457
139,146806572,2012-06-21 12:20:21.430588000,1.0,2235300.0,200.0,2012-06-21 12:20:21.437142000,0.006554543993843254,100,2237400.0,2236100.0,2237400,2236100,1300.0,1300,1501.7185627079507,2505
140,148588132,2012-06-21 12:22:53.273381000,1.0,2233500.0,100.0,2012-06-21 12:22:53.405588000,0.13220703299884917,10,2235700.0,2234100.0,2235100,2233500,1600.0,1600,1370.4606773316211,2477
141,150835780,2012-06-21 12:25:55.318063000,1.0,2224000.0,200.0,2012-06-21 12:25:55.324246000,0.006183255994983483,100,2227600.0,2224900.0,2227600,2224900,2700.0,2700,4153.700919987285,2722
142,152627776,2012-06-21 12:27:37.508996000,-1.0,2223100.0,200.0,2012-06-21 12:27:37.509471000,0.00047508101124549285,100,2222300.0,2221200.0,2222300,2221200,1100.0,1100,5146.296259275551,2838
143,153507963,2012-06-21 12:29:02.261987000,1.0,2217900.0,200.0,2012-06-21 12:29:02.266038000,0.004051645999425091,100,2219400.0,2218200.0,2220300,2218200,1200.0,2100,5428.433204823631,2912
144,154581774,2012-06-21 12:29:48.380096000,1.0,2218300.0,200.0,2012-06-21 12:29:49.085156000,0.7050604979958734,100,2220800.0,2218700.0,2220800,2218700,2100.0,2100,5502.715191621872,2960
145,154757877,2012-06-21 12:30:00.365072000,1.0,2219400.0,200.0,2012-06-21 12:30:00.423920000,0.05884808199334657,100,2221600.0,2219600.0,2221600,2219600,2000.0,2000,5563.029589777074,2995
146,154777675,2012-06-21 12:30:01.368321000,1.0,2219700.0,200.0,2012-06-21 12:30:01.840465000,0.4721438689957722,100,2221900.0,2219800.0,2221900,2219800,2100.0,2100,5581.2765265569,3027
147,155122642,2012-06-21 12:30:25.914729000,1.0,2219700.0,200.0,2012-06-21 12:30:25.923913000,0.009184181988530327,100,2221800.0,2220700.0,2221800,2220700,1100.0,1100,5596.190353803681,3097
148,156277434,2012-06-21 12:31:41.208447000,1.0,2221100.0,200.0,2012-06-21 12:31:41.215897000,0.007449824996001553,100,2223800.0,2222100.0,2223800,2222100,1700.0,1700,5526.559751084558,3113
149,156450763,2012-06-21 12:32:01.372214000,1.0,2223900.0,200.0,2012-06-21 12:32:01.372873000,0.0006593260113731958,100,2226000.0,2225000.0,2226000,2225000,1000.0,1000,5231.3952723492575,3145
150,156665922,2012-06-21 12:32:29.364107000,1.0,2223600.0,200.0,2012-06-21 12:32:30.217445000,0.8533380120061338,100,2225500.0,2225000.0,2225500,2225000,500.0,500,5073.822767473671,3165
151,161396147,2012-06-21 12:41:10.503492999,1.0,2222400.0,200.0,2012-06-21 12:41:10.506321000,0.0028282100029173307,100,2225400.0,2223700.0,2225400,2223700,1700.0,1700,2008.049282211787,2765
152,161461669,2012-06-21 12:41:15.530730000,1.0,2223500.0,4.0,2012-06-21 12:41:15.629581000,0.09885059500084026,1,2225300.0,2223500.0,2225300,2223500,1800.0,1800,2008.049282211787,2781
153,167307541,2012-06-21 12:51:32.434183000,1.0,2222500.0,200.0,2012-06-21 12:51:33.437309000,1.0031253790075425,100,2224600.0,2222600.0,2224600,2222600,2000.0,2000,991.2676422919271,2726
154,168296862,2012-06-21 12:53:58.459118000,1.0,2226000.0,200.0,2012-06-21 12:54:10.482959000,12.02384133599844,100,2228200.0,2226200.0,2228200,2226200,2000.0,2000,1188.3035108751635,2777
155,173621271,2012-06-21 13:06:36.973968000,1.0,2225500.0,600.0,2012-06-21 13:12:51.718526000,374.74455785499595,200,2227500.0,2226200.0,2226900,2226000,1300.0,900,730.197477046465,2091
156,174091989,2012-06-21 13:08:02.938296000,1.0,2225900.0,200.0,2012-06-21 13:08:04.672977000,1.7346812410105485,100,2227800.0,2226800.0,2227800,2226800,1000.0,1000,687.8439686873141,2071
157,177174630,2012-06-21 13:14:23.767211000,1.0,2223500.0,600.0,2012-06-21 13:14:23.769702000,0.00249109400465386,200,2225500.0,2224100.0,2225500,2224100,1400.0,1400,688.2516279546335,1836
158,179195944,2012-06-21 13:18:16.424878000,1.0,2228300.0,200.0,2012-06-21 13:18:16.435913000,0.011035406001610681,100,2230000.0,2228900.0,2229900,2228900,1100.0,1000,1123.3410484403705,1786
159,179249399,2012-06-21 13:18:19.293601000,1.0,2227200.0,600.0,2012-06-21 13:18:19.418943000,0.12534271799813723,200,2229500.0,2227700.0,2229100,2227200,1800.0,1900,1127.173894450681,1815
160,179249755,2012-06-21 13:18:19.294155000,1.0,2227100.0,200.0,2012-06-21 13:18:19.313983000,0.019827686992357485,100,2229500.0,2227700.0,2229400,2227700,1800.0,1700,1127.173894450681,1816
161,179658671,2012-06-21 13:19:00.983533000,1.0,2226800.0,600.0,2012-06-21 13:19:03.626617000,2.6430835930004832,200,2228300.0,2226900.0,2228300,2226900,1400.0,1400,1122.1648686897593,1807
162,179693090,2012-06-21 13:19:03.648351000,1.0,2226400.0,600.0,2012-06-21 13:19:04.579147000,0.9307957720011473,200,2228300.0,2226900.0,2228300,2226900,1400.0,1400,1122.1648686897593,1807
163,180480742,2012-06-21 13:20:04.046174000,1.0,2223800.0,600.0,2012-06-21 13:20:07.008201000,2.9620273199980147,200,2225600.0,2224300.0,2225600,2224200,1300.0,1400,1174.9486014326026,1949
164,182514239,2012-06-21 13:23:39.359644000,1.0,2228700.0,600.0,2012-06-21 13:23:50.029512000,10.669867869000882,200,2230400.0,2229000.0,2229900,2229000,1400.0,900,1327.9738540453543,2013
165,182945659,2012-06-21 13:24:32.135892000,1.0,2226200.0,600.0,2012-06-21 13:24:36.500882000,4.364989832996798,200,2227400.0,2226500.0,2227600,2226400,900.0,1200,1353.5396735240993,2060
166,183398035,2012-06-21 13:25:15.881345000,1.0,2225900.0,600.0,2012-06-21 13:25:18.361525000,2.4801792839934933,200,2227000.0,2226000.0,2227000,2226000,1000.0,1000,1327.7810494754854,2144
167,183484989,2012-06-21 13:25:23.190637000,1.0,2225100.0,600.0,2012-06-21 13:25:28.277933000,5.087296857003821,200,2226600.0,2226000.0,2227200,2226000,600.0,1200,1339.8001112984332,2158
168,185524639,2012-06-21 13:30:04.099248000,1.0,2224100.0,600.0,2012-06-21 13:30:04.145562000,0.04631398099445505,200,2225900.0,2224800.0,2225900,2224300,1100.0,1600,1395.5526559293116,2166
169,186891047,2012-06-21 13:32:04.605680000,1.0,2224500.0,600.0,2012-06-21 13:32:04.609538000,0.003858125004626345,200,2226200.0,2225000.0,2226200,2225000,1200.0,1200,1428.2790176926048,2381
170,190817217,2012-06-21 13:38:19.747218000,-1.0,2224100.0,200.0,2012-06-21 13:38:19.767914000,0.02069546999700833,100,2223500.0,2221900.0,2223500,2222100,1600.0,1400,1749.1264560845793,2738
171,193401698,2012-06-21 13:41:51.055057000,1.0,2214600.0,200.0,2012-06-21 13:41:51.055533000,0.000476285997137893,100,2216400.0,2215100.0,2216400,2215100,1300.0,1300,3782.4953360246113,2943
172,193442160,2012-06-21 13:41:55.057774000,1.0,2214800.0,200.0,2012-06-21 13:41:55.974853000,0.9170782830115058,100,2216700.0,2215100.0,2216900,2215200,1600.0,1700,3858.129853710325,2961
173,193626940,2012-06-21 13:42:04.132271000,1.0,2215900.0,200.0,2012-06-21 13:42:04.133471000,0.0012001509967376478,100,2217800.0,2216500.0,2217800,2216500,1300.0,1300,3933.5748513421113,3038
174,198206729,2012-06-21 13:49:39.299776000,1.0,2216500.0,200.0,2012-06-21 13:49:39.300238000,0.00046199699863791466,100,2218000.0,2217000.0,2218000,2217000,1000.0,1000,2192.921717540952,2946
175,199100990,2012-06-21 13:51:35.504225999,1.0,2216800.0,200.0,2012-06-21 13:51:35.898876000,0.39465041200310225,100,2218600.0,2218100.0,2218600,2217000,500.0,1600,1865.5175211328826,2839
176,199574544,2012-06-21 13:52:38.201205000,1.0,2218100.0,200.0,2012-06-21 13:52:39.426505000,1.225299753008585,100,2220400.0,2218900.0,2220400,2219100,1500.0,1300,1685.7045263034681,2814
177,200237732,2012-06-21 13:53:42.373252000,1.0,2217700.0,200.0,2012-06-21 13:53:43.033518000,0.6602653869995265,100,2219500.0,2218600.0,2219500,2218600,900.0,900,1598.8136845466604,3041
178,200248664,2012-06-21 13:53:43.241919000,1.0,2217500.0,200.0,2012-06-21 13:53:45.228476000,1.986556700001529,100,2219500.0,2218600.0,2219500,2218100,900.0,1400,1598.8136845466604,3046
179,200376671,2012-06-21 13:53:54.508001999,-1.0,2219200.0,200.0,2012-06-21 13:53:54.512072000,0.004070376009622123,100,2218700.0,2218000.0,2218700,2218000,700.0,700,1581.531434715757,3084
180,200404464,2012-06-21 13:53:54.875631000,-1.0,2219400.0,200.0,2012-06-21 13:53:54.944942000,0.069310436003434,100,2218700.0,2218000.0,2218700,2218000,700.0,700,1581.531434715757,3090
181,200406887,2012-06-21 13:53:54.975720000,-1.0,2219500.0,200.0,2012-06-21 13:53:55.639037000,0.6633165329985786,100,2218700.0,2218000.0,2218500,2218000,700.0,500,1581.531434715757,3091
182,200425541,2012-06-21 13:53:55.671660000,-1.0,2219700.0,200.0,2012-06-21 13:53:55.672922000,0.0012620959969353862,100,2219000.0,2218000.0,2219000,2218000,1000.0,1000,1581.531434715757,3095
183,200726046,2012-06-21 13:54:38.054418000,-1.0,2220400.0,300.0,2012-06-21 13:54:38.055511000,0.0010932410004897974,100,2220000.0,2218200.0,2220000,2218200,1800.0,1800,1500.0300229844322,3075
184,201668225,2012-06-21 13:56:52.535833000,1.0,2218400.0,200.0,2012-06-21 13:56:52.538090000,0.002257369997096248,100,2220400.0,2219100.0,2220400,2219100,1300.0,1300,1478.0684419106008,2914
185,202400868,2012-06-21 13:58:30.728947000,-1.0,2220400.0,200.0,2012-06-21 13:58:30.765717000,0.0367698920017574,100,2219900.0,2218200.0,2219900,2218200,1700.0,1700,1370.147668411467,2578
186,205478933,2012-06-21 14:04:55.476306000,-1.0,2216800.0,200.0,2012-06-21 14:04:56.683833000,1.2075269620036124,100,2216000.0,2215000.0,2216000,2215000,1000.0,1000,1418.716388024342,2188
187,205680166,2012-06-21 14:05:18.872898000,-1.0,2215900.0,200.0,2012-06-21 14:05:18.878248000,0.005350027997337747,100,2215000.0,2213800.0,2215000,2213800,1200.0,1200,1647.1717554385123,2215
188,205719158,2012-06-21 14:05:22.736422000,-1.0,2215300.0,200.0,2012-06-21 14:05:22.739964000,0.003541999998560641,100,2214400.0,2213500.0,2214400,2213500,900.0,900,1687.3808710784988,2237
189,206597246,2012-06-21 14:07:22.196473000,1.0,2214000.0,200.0,2012-06-21 14:07:22.272730000,0.07625718299823347,100,2215800.0,2214400.0,2215400,2214400,1400.0,1000,1968.3607621917406,2210
190,206597872,2012-06-21 14:07:22.275183000,1.0,2213900.0,200.0,2012-06-21 14:07:22.282718000,0.007534874996053986,100,2215400.0,2214400.0,2215400,2214400,1000.0,1000,1968.3607621917406,2216
191,207035019,2012-06-21 14:07:48.245799000,1.0,2212500.0,400.0,2012-06-21 14:07:48.248707000,0.002907875990786124,100,2214000.0,2213200.0,2214000,2213200,800.0,800,2224.84977627468,2175
192,207946923,2012-06-21 14:08:49.960700000,-1.0,2215100.0,300.0,2012-06-21 14:08:49.963517000,0.002816968997649383,200,2214600.0,2212800.0,2214600,2213100,1800.0,1500,2543.1789490800506,2013
193,208090292,2012-06-21 14:09:04.691610000,-1.0,2214000.0,200.0,2012-06-21 14:09:04.779283000,0.08767319099570159,100,2213800.0,2212200.0,2213800,2212200,1600.0,1600,2597.016396015763,2076
194,209157073,2012-06-21 14:11:06.278545000,1.0,2210700.0,400.0,2012-06-21 14:11:06.279686000,0.0011404440010664985,100,2212500.0,2211200.0,2212500,2211200,1300.0,1300,2542.930978061276,1958
195,209157073,2012-06-21 14:11:06.278545000,1.0,2210700.0,400.0,2012-06-21 14:11:06.283342000,0.004796419998456258,100,2212500.0,2211200.0,2212500,2211200,1300.0,1300,2542.930978061276,1958
196,209157073,2012-06-21 14:11:06.278545000,1.0,2210700.0,400.0,2012-06-21 14:11:06.285299000,0.006753440000466071,100,2212500.0,2211200.0,2212500,2211200,1300.0,1300,2542.930978061276,1958
197,209254825,2012-06-21 14:11:08.160672000,-1.0,2213500.0,200.0,2012-06-21 14:11:08.161185000,0.0005127239928697236,100,2213000.0,2211400.0,2213000,2211400,1600.0,1600,2542.930978061276,1991
198,210011811,2012-06-21 14:12:26.731300000,-1.0,2213300.0,200.0,2012-06-21 14:12:28.036855000,1.3055549499986228,100,2213000.0,2211700.0,2213000,2211700,1300.0,1300,2621.6273704580403,2015
199,211128936,2012-06-21 14:14:44.729604000,-1.0,2210700.0,200.0,2012-06-21 14:14:44.828631000,0.09902763099671574,100,2209900.0,2208600.0,2209900,2208600,1300.0,1300,2519.4477941604587,1946
200,211274962,2012-06-21 14:15:08.105195000,-1.0,2211600.0,300.0,2012-06-21 14:15:08.107023000,0.0018289459912921302,100,2211000.0,2209300.0,2211000,2209300,1700.0,1700,2514.843041802506,1888
201,212220898,2012-06-21 14:17:18.368043000,1.0,2209100.0,200.0,2012-06-21 14:17:18.368515000,0.00047261199506465346,100,2211000.0,2210500.0,2211000,2210500,500.0,500,2088.891191567501,2060
202,212397158,2012-06-21 14:17:47.872165000,1.0,2210900.0,200.0,2012-06-21 14:17:47.873692000,0.0015273720055120066,100,2213000.0,2212100.0,2213000,2212100,900.0,900,2059.9199091266005,2138
203,212417448,2012-06-21 14:17:50.640933000,1.0,2211700.0,300.0,2012-06-21 14:17:51.542773000,0.9018397179970634,100,2213400.0,2213000.0,2213400,2213000,400.0,400,2059.9199091266005,2180
204,212634772,2012-06-21 14:18:26.965945000,1.0,2210000.0,400.0,2012-06-21 14:18:26.967831000,0.0018865139936679043,100,2212000.0,2210500.0,2212000,2210500,1500.0,1500,2041.0330484522628,2219
205,212634802,2012-06-21 14:18:26.974430000,1.0,2209900.0,200.0,2012-06-21 14:18:26.976865000,0.0024350290041184053,100,2212000.0,2210500.0,2212000,2210500,1500.0,1500,2041.0330484522628,2220
206,212814659,2012-06-21 14:18:49.847255000,1.0,2210000.0,200.0,2012-06-21 14:18:49.866973000,0.019717918010428548,100,2211900.0,2210700.0,2211900,2210700,1200.0,1200,1979.5660387191886,2242
207,212814694,2012-06-21 14:18:49.847893000,1.0,2210000.0,200.0,2012-06-21 14:18:49.855722000,0.00782979898940539,100,2211900.0,2210700.0,2211900,2210700,1200.0,1200,1979.5660387191886,2243
208,214254500,2012-06-21 14:21:21.306857000,1.0,2211100.0,200.0,2012-06-21 14:21:21.307366000,0.0005091580023872666,100,2213800.0,2211400.0,2213900,2211400,2400.0,2500,1368.6598252638441,2208
209,214255060,2012-06-21 14:21:21.364281000,1.0,2212100.0,400.0,2012-06-21 14:21:21.364832000,0.0005509460097528063,100,2214300.0,2214200.0,2214300,2214200,100.0,100,1455.7436573521547,2252
210,214255060,2012-06-21 14:21:21.364281000,1.0,2212100.0,400.0,2012-06-21 14:21:21.365296000,0.0010145290070795454,200,2214300.0,2214200.0,2214300,2214200,100.0,100,1455.7436573521547,2252
211,214255117,2012-06-21 14:21:21.366956000,1.0,2212400.0,300.0,2012-06-21 14:21:21.367415000,0.00045869399764342234,200,2214300.0,2212400.0,2214300,2212400,1900.0,1900,1460.368445562973,2255
212,216764703,2012-06-21 14:25:14.029938000,-1.0,2212200.0,200.0,2012-06-21 14:25:14.348813000,0.3188744199942448,100,2211800.0,2210300.0,2211800,2210300,1500.0,1500,1259.4071583395635,2271
213,217649393,2012-06-21 14:26:28.989672000,-1.0,2210400.0,200.0,2012-06-21 14:26:29.019428000,0.029755825002212077,100,2210200.0,2208300.0,2210200,2208300,1900.0,1900,1569.9197466666692,2296
214,218715977,2012-06-21 14:28:09.828532000,1.0,2207500.0,200.0,2012-06-21 14:28:09.829699000,0.0011675440036924556,100,2209500.0,2207800.0,2209800,2207800,1700.0,2000,1678.8722531797603,2514
215,218986528,2012-06-21 14:28:42.150603000,1.0,2209100.0,200.0,2012-06-21 14:28:42.156444000,0.005841022997628897,100,2211000.0,2209700.0,2211000,2209700,1300.0,1300,1660.8219121588363,2606
216,220157719,2012-06-21 14:30:07.177096000,1.0,2212100.0,300.0,2012-06-21 14:30:07.177741000,0.0006445969920605421,100,2214200.0,2213000.0,2214200,2213000,1200.0,1200,1826.5907482665118,2756
217,221308802,2012-06-21 14:32:41.915900000,-1.0,2214400.0,200.0,2012-06-21 14:32:42.743200000,0.8273005770024611,100,2214400.0,2212800.0,2214200,2212800,1600.0,1400,2000.3533375211941,2500
218,221357827,2012-06-21 14:32:44.135613000,-1.0,2214400.0,300.0,2012-06-21 14:32:44.136081000,0.00046756699157413095,100,2214200.0,2212800.0,2214200,2212800,1400.0,1400,2003.4234488155412,2504
219,222320813,2012-06-21 14:34:48.862439000,-1.0,2215100.0,200.0,2012-06-21 14:34:49.724423000,0.8619843449996551,100,2214600.0,2213400.0,2214600,2213400,1200.0,1200,2078.2272041492606,2286
220,222330829,2012-06-21 14:34:49.726970000,-1.0,2215200.0,200.0,2012-06-21 14:34:51.327703000,1.6007329629937885,100,2214600.0,2213400.0,2214600,2213400,1200.0,1200,2078.2272041492606,2288
221,222399987,2012-06-21 14:34:58.243716000,-1.0,2215200.0,200.0,2012-06-21 14:34:59.931407000,1.6876912609950523,100,2214600.0,2213400.0,2214600,2213400,1200.0,1200,2090.328287200767,2282
222,222710195,2012-06-21 14:35:58.636850000,1.0,2213100.0,200.0,2012-06-21 14:35:59.577927000,0.941076463990612,100,2214700.0,2213400.0,2214700,2213400,1300.0,1300,2210.0974282460434,2133
223,222840235,2012-06-21 14:36:22.121188000,1.0,2213000.0,200.0,2012-06-21 14:36:22.250327000,0.1291381570044905,100,2214800.0,2213400.0,2214800,2213400,1400.0,1400,2292.2512890654525,2037
224,223251132,2012-06-21 14:37:22.637139000,1.0,2213500.0,200.0,2012-06-21 14:37:23.478032000,0.8408923340030015,100,2215700.0,2214000.0,2215700,2214000,1700.0,1700,2454.170228967293,2003
225,224344932,2012-06-21 14:39:55.637455000,1.0,2214800.0,200.0,2012-06-21 14:39:56.189748000,0.5522936929992284,100,2216700.0,2215500.0,2216700,2215500,1200.0,1200,2673.773210634804,1897
226,225092870,2012-06-21 14:41:21.121161000,1.0,2215700.0,200.0,2012-06-21 14:41:21.122458000,0.0012960510066477582,100,2218000.0,2216700.0,2218000,2216700,1300.0,1300,2441.4995559475856,1825
227,225330213,2012-06-21 14:41:30.401280000,1.0,2217100.0,200.0,2012-06-21 14:41:30.468034000,0.06675352099409793,100,2219500.0,2217600.0,2219500,2217600,1900.0,1900,2194.3009095906946,1833
228,225538381,2012-06-21 14:41:38.716922000,1.0,2217200.0,200.0,2012-06-21 14:41:38.722078000,0.005156091996468604,100,2219500.0,2217600.0,2219500,2217600,1900.0,1900,2166.9847155939556,1854
229,229174852,2012-06-21 14:46:59.828590000,-1.0,2217500.0,400.0,2012-06-21 14:46:59.890532000,0.0619422259987914,200,2216800.0,2214900.0,2217100,2215100,1900.0,2000,1426.2681069991531,1362
230,229174852,2012-06-21 14:46:59.828590000,-1.0,2217500.0,400.0,2012-06-21 14:46:59.895375000,0.06678499900590396,100,2216800.0,2214900.0,2217500,2215100,1900.0,2400,1426.2681069991531,1362
231,229194370,2012-06-21 14:47:00.034592000,-1.0,2219500.0,300.0,2012-06-21 14:47:00.035062000,0.0004693489972851239,100,2218800.0,2216200.0,2218800,2216200,2600.0,2600,1431.2517638662496,1418
232,229194370,2012-06-21 14:47:00.034592000,-1.0,2219500.0,300.0,2012-06-21 14:47:00.037201000,0.002608620998216793,100,2218800.0,2216200.0,2218800,2216200,2600.0,2600,1431.2517638662496,1418
233,229239887,2012-06-21 14:47:00.464887000,1.0,2216200.0,200.0,2012-06-21 14:47:00.888968000,0.4240806759989937,100,2219300.0,2216500.0,2219300,2217000,2800.0,2300,1496.4201769341819,1444
234,229340833,2012-06-21 14:47:03.482460000,1.0,2217300.0,300.0,2012-06-21 14:47:03.485725000,0.003264972001488786,100,2219400.0,2217800.0,2219400,2217800,1600.0,1600,1505.4919046867385,1491
235,229340833,2012-06-21 14:47:03.482460000,1.0,2217300.0,300.0,2012-06-21 14:47:03.486187000,0.0037259659948176704,100,2219400.0,2217800.0,2219400,2217800,1600.0,1600,1505.4919046867385,1491
236,231130570,2012-06-21 14:51:00.489379000,-1.0,2219700.0,300.0,2012-06-21 14:51:01.668781000,1.179402032001235,200,2219200.0,2217000.0,2219200,2217000,2200.0,2200,1334.2346400506542,1639
237,232088949,2012-06-21 14:52:51.590460000,-1.0,2217600.0,200.0,2012-06-21 14:52:51.590970000,0.0005096379973110743,100,2216900.0,2215200.0,2216900,2215200,1700.0,1700,1162.980077601411,1653
238,232995018,2012-06-21 14:54:14.562549000,1.0,2214800.0,200.0,2012-06-21 14:54:16.005327000,1.4427787760068895,100,2216900.0,2215200.0,2216900,2215200,1700.0,1700,1222.496471110945,1873
239,233611984,2012-06-21 14:55:23.923588000,1.0,2214200.0,400.0,2012-06-21 14:55:23.932589000,0.009001006998005323,100,2216700.0,2214600.0,2216700,2214600,2100.0,2100,1256.8798122034314,1944
240,233614302,2012-06-21 14:55:23.935071000,1.0,2214100.0,300.0,2012-06-21 14:55:23.973399000,0.03832809400046244,100,2216700.0,2214600.0,2216500,2214400,2100.0,2100,1256.8798122034314,1949
241,233620188,2012-06-21 14:55:24.002677000,1.0,2213600.0,200.0,2012-06-21 14:55:24.003162000,0.00048490400513401255,100,2216700.0,2214400.0,2216700,2214400,2300.0,2300,1256.8798122034314,1959
242,234831452,2012-06-21 14:57:20.638567000,1.0,2214600.0,300.0,2012-06-21 14:57:21.296094000,0.6575267520020134,200,2216700.0,2215200.0,2216700,2215200,1500.0,1500,1595.355617315582,2037
243,234854759,2012-06-21 14:57:22.307791000,1.0,2214700.0,200.0,2012-06-21 14:57:22.311969000,0.0041777239966904745,100,2216700.0,2215300.0,2216700,2215300,1400.0,1400,1588.0026531012668,2057
244,237128336,2012-06-21 15:01:49.468729000,1.0,2211800.0,200.0,2012-06-21 15:01:49.527729000,0.05899927599966759,100,2213500.0,2212600.0,2213500,2212600,900.0,900,1613.0524752906683,2234
245,238485538,2012-06-21 15:05:01.546068000,1.0,2210000.0,400.0,2012-06-21 15:05:02.656601000,1.1105333020022954,300,2211600.0,2210400.0,2211600,2210400,1200.0,1200,1483.9310454910717,2158
246,240341512,2012-06-21 15:07:45.357257000,1.0,2211200.0,300.0,2012-06-21 15:07:45.359050000,0.0017936639924300835,100,2213400.0,2212500.0,2213400,2212500,900.0,900,2336.5753641627784,2360
247,240418831,2012-06-21 15:07:48.891117000,1.0,2209900.0,300.0,2012-06-21 15:07:48.891723000,0.0006056980128050782,200,2212300.0,2210500.0,2212300,2210500,1800.0,1800,2302.2195120015035,2416
248,240716003,2012-06-21 15:08:21.906781000,1.0,2210200.0,200.0,2012-06-21 15:08:22.952902000,1.0461209940040135,100,2212100.0,2210500.0,2212100,2210500,1600.0,1600,2230.5539829249014,2426
249,240841272,2012-06-21 15:08:44.431076000,1.0,2210800.0,200.0,2012-06-21 15:08:44.556583000,0.12550703700253507,100,2212600.0,2212000.0,2212600,2212000,600.0,600,2222.0920032918866,2436
250,240850365,2012-06-21 15:08:46.485334000,1.0,2210900.0,300.0,2012-06-21 15:08:48.578283000,2.092949177000264,200,2212600.0,2212200.0,2212600,2212000,400.0,600,2222.0920032918866,2449
251,240858879,2012-06-21 15:08:48.609818000,1.0,2210600.0,200.0,2012-06-21 15:08:49.793250000,1.1834313300059875,100,2212600.0,2212000.0,2212600,2212000,600.0,600,2205.452629682884,2464
252,240875160,2012-06-21 15:08:50.579127000,1.0,2210400.0,400.0,2012-06-21 15:08:50.580341000,0.0012136560035287403,100,2212600.0,2211000.0,2212600,2211000,1600.0,1600,2166.3920053830634,2482
253,240879715,2012-06-21 15:08:51.601975000,-1.0,2213000.0,200.0,2012-06-21 15:08:52.053994000,0.45201969500340056,100,2212700.0,2211000.0,2212700,2211000,1700.0,1700,2159.984761416194,2496
254,240884128,2012-06-21 15:08:52.579849000,-1.0,2213100.0,200.0,2012-06-21 15:08:52.930624000,0.35077476000151364,100,2212700.0,2211000.0,2212700,2211000,1700.0,1700,2159.984761416194,2499
255,241431171,2012-06-21 15:09:55.078362000,1.0,2211100.0,200.0,2012-06-21 15:09:55.180712000,0.10235025100701023,100,2212800.0,2211500.0,2212800,2211500,1300.0,1300,1879.3685492182876,2518
256,241441444,2012-06-21 15:09:55.186021000,1.0,2211000.0,200.0,2012-06-21 15:09:55.188912000,0.0028909260072396137,100,2212800.0,2211500.0,2212800,2211500,1300.0,1300,1879.3685492182876,2520
257,241564166,2012-06-21 15:10:12.754976000,1.0,2210900.0,300.0,2012-06-21 15:10:13.705945000,0.9509692179999547,100,2212800.0,2211600.0,2212800,2211600,1200.0,1200,1853.0156892330313,2544
258,241723779,2012-06-21 15:10:43.426046000,-1.0,2212200.0,400.0,2012-06-21 15:10:43.427603000,0.0015568239978165366,100,2212100.0,2210900.0,2212100,2210900,1200.0,1200,1779.6635120343628,2506
259,241723779,2012-06-21 15:10:43.426046000,-1.0,2212200.0,400.0,2012-06-21 15:10:43.436898000,0.010852206993149593,100,2212100.0,2210900.0,2212100,2210900,1200.0,1200,1779.6635120343628,2506
260,241723779,2012-06-21 15:10:43.426046000,-1.0,2212200.0,400.0,2012-06-21 15:10:43.437357000,0.011310491994663607,100,2212100.0,2210900.0,2212100,2210900,1200.0,1200,1779.6635120343628,2506
261,244000610,2012-06-21 15:13:55.380814000,1.0,2211300.0,200.0,2012-06-21 15:13:55.497856000,0.11704153499886161,100,2213500.0,2211900.0,2213500,2211900,1600.0,1600,1213.9518617385854,2709
262,244364382,2012-06-21 15:14:35.125642000,1.0,2212000.0,200.0,2012-06-21 15:14:35.189742000,0.06409989100211533,100,2214100.0,2212500.0,2214100,2212500,1600.0,1600,1231.6168554671865,2704
263,248295454,2012-06-21 15:19:04.640800000,-1.0,2211500.0,200.0,2012-06-21 15:19:04.645236000,0.004436499999428634,100,2211200.0,2209700.0,2211200,2209700,1500.0,1500,1206.2698622652463,3134
264,248300159,2012-06-21 15:19:04.830311000,-1.0,2211500.0,200.0,2012-06-21 15:19:04.956144000,0.12583374499808997,100,2211200.0,2209800.0,2211200,2209800,1400.0,1400,1206.2698622652463,3139
265,248505067,2012-06-21 15:19:24.163414000,-1.0,2209400.0,200.0,2012-06-21 15:19:24.187450000,0.024036260991124436,100,2208100.0,2207900.0,2209200,2207800,200.0,1400,1240.911768463859,3057
266,248941173,2012-06-21 15:20:05.780613000,-1.0,2209300.0,200.0,2012-06-21 15:20:05.781086000,0.00047359400196000934,100,2208700.0,2206600.0,2208700,2206600,2100.0,2100,1458.7958731258577,3186
267,249209582,2012-06-21 15:20:43.564741000,-1.0,2210100.0,200.0,2012-06-21 15:20:44.515395999,0.9506547600030899,100,2209800.0,2208100.0,2209800,2208100,1700.0,1700,1471.3785209963305,3280
268,249289712,2012-06-21 15:20:45.257915000,-1.0,2210000.0,200.0,2012-06-21 15:20:45.530706000,0.2727914869974484,100,2209800.0,2207900.0,2209800,2207800,1900.0,2000,1489.062667850313,3303
269,249332263,2012-06-21 15:20:46.700223000,-1.0,2210000.0,200.0,2012-06-21 15:20:47.017956000,0.3177333700004965,100,2209800.0,2207600.0,2209800,2207600,2200.0,2200,1503.192964771933,3316
270,249660104,2012-06-21 15:21:10.591341000,1.0,2206500.0,400.0,2012-06-21 15:21:10.607772000,0.016431290001492016,100,2207600.0,2207100.0,2207600,2206800,500.0,800,1555.8197066740966,3406
271,249660104,2012-06-21 15:21:10.591341000,1.0,2206500.0,400.0,2012-06-21 15:21:10.609067000,0.01772630200139247,100,2207600.0,2207100.0,2207600,2206800,500.0,800,1555.8197066740966,3406
272,251057955,2012-06-21 15:22:19.097187000,1.0,2208400.0,200.0,2012-06-21 15:22:19.097661000,0.00047429599362658337,100,2210300.0,2210000.0,2210300,2210000,300.0,300,1787.2347186389668,3734
273,251068663,2012-06-21 15:22:19.933769000,1.0,2208300.0,200.0,2012-06-21 15:22:19.934236000,0.00046759100223425776,100,2210300.0,2208900.0,2210300,2208900,1400.0,1400,1781.5216785244875,3743
274,252003717,2012-06-21 15:23:35.630686000,1.0,2207900.0,200.0,2012-06-21 15:23:35.711524000,0.08083799300948158,100,2210200.0,2208600.0,2210200,2208600,1600.0,1600,1856.7323796390242,3704
275,252148145,2012-06-21 15:23:54.343022000,1.0,2208400.0,400.0,2012-06-21 15:23:55.557180000,1.2141579090093728,300,2210300.0,2209000.0,2210300,2209000,1300.0,1300,1853.4800255082964,3626
276,252245616,2012-06-21 15:24:00.553984000,1.0,2208900.0,300.0,2012-06-21 15:24:01.701796000,1.147812477000116,100,2210300.0,2209400.0,2210300,2209700,900.0,600,1855.6137456179204,3599
277,252245616,2012-06-21 15:24:00.553984000,1.0,2208900.0,300.0,2012-06-21 15:24:01.702259000,1.148274674997083,100,2210300.0,2209400.0,2210300,2209700,900.0,600,1855.6137456179204,3599
278,252269344,2012-06-21 15:24:02.719717000,1.0,2208900.0,300.0,2012-06-21 15:24:03.351401000,0.631684737993055,200,2210300.0,2209700.0,2210300,2209700,600.0,600,1857.530910419918,3589
279,252309351,2012-06-21 15:24:04.805438000,1.0,2208700.0,300.0,2012-06-21 15:24:04.878705000,0.07326628299779259,100,2210300.0,2209400.0,2210300,2209400,900.0,900,1854.7970401856846,3600
280,252420558,2012-06-21 15:24:10.857467000,1.0,2207900.0,200.0,2012-06-21 15:24:11.905839000,1.0483716349990573,100,2209300.0,2208800.0,2209300,2208800,500.0,500,1842.6704966239981,3633
281,252478872,2012-06-21 15:24:16.830069000,1.0,2207900.0,200.0,2012-06-21 15:24:17.280702000,0.4506338759965729,100,2209300.0,2208800.0,2209300,2208800,500.0,500,1842.5532436042065,3649
282,252950859,2012-06-21 15:24:58.505439000,1.0,2209300.0,200.0,2012-06-21 15:24:58.851230000,0.3457906840048963,100,2211100.0,2209400.0,2211400,2209700,1700.0,1700,1813.117717889364,3642
283,253021008,2012-06-21 15:24:59.658799000,1.0,2209300.0,200.0,2012-06-21 15:24:59.809349000,0.1505504579981789,100,2211100.0,2209700.0,2211100,2209700,1400.0,1400,1813.117717889364,3673
284,253067090,2012-06-21 15:25:00.613699000,1.0,2209700.0,200.0,2012-06-21 15:25:00.795122000,0.18142356099269819,100,2211400.0,2209800.0,2211400,2209800,1600.0,1600,1812.0641950010609,3682
285,258717112,2012-06-21 15:33:07.910690000,1.0,2208400.0,200.0,2012-06-21 15:33:08.263276999,0.35258766800689045,100,2210000.0,2208900.0,2210000,2209000,1100.0,1000,1241.5685076660634,3583
286,259815615,2012-06-21 15:34:13.142580000,-1.0,2208500.0,200.0,2012-06-21 15:34:13.450402000,0.3078215320056188,100,2208300.0,2206800.0,2208300,2206800,1500.0,1500,1198.8579868990587,3735
287,261687726,2012-06-21 15:36:07.658553000,1.0,2205800.0,200.0,2012-06-21 15:36:07.877213000,0.2186602409929037,100,2207800.0,2206600.0,2207800,2206600,1200.0,1200,1411.0594983019244,3670
288,262704570,2012-06-21 15:37:11.318875000,-1.0,2211200.0,300.0,2012-06-21 15:37:11.338056000,0.019180383998900652,100,2210600.0,2208700.0,2210600,2208700,1900.0,1900,1416.9284978296546,3485
289,262747401,2012-06-21 15:37:14.378156000,-1.0,2211100.0,200.0,2012-06-21 15:37:14.379546000,0.0013898340039304458,100,2210600.0,2208900.0,2210600,2208900,1700.0,1700,1414.4010503957365,3493
290,263283976,2012-06-21 15:37:55.246889000,-1.0,2211400.0,300.0,2012-06-21 15:37:55.490338000,0.2434491399981198,100,2211000.0,2209800.0,2211000,2209800,1200.0,1200,1378.411779042337,3409
291,263283976,2012-06-21 15:37:55.246889000,-1.0,2211400.0,300.0,2012-06-21 15:37:55.633787000,0.386898641991138,100,2211000.0,2209800.0,2210900,2209800,1200.0,1100,1378.411779042337,3409
292,263325169,2012-06-21 15:37:58.558698000,-1.0,2211200.0,200.0,2012-06-21 15:37:58.681400000,0.12270208499830915,100,2211000.0,2209200.0,2211000,2209200,1800.0,1800,1374.828445254899,3427
293,263640418,2012-06-21 15:38:24.263866000,1.0,2208300.0,200.0,2012-06-21 15:38:24.281504000,0.017638604003877845,100,2210000.0,2208800.0,2210000,2208800,1200.0,1200,1365.0396654515212,3420
294,264023294,2012-06-21 15:38:37.008660000,-1.0,2212400.0,200.0,2012-06-21 15:38:37.149286000,0.14062614399881568,100,2211300.0,2210100.0,2211500,2210600,1200.0,900,1403.2120951066404,3429
295,264171552,2012-06-21 15:38:49.156823000,-1.0,2211500.0,200.0,2012-06-21 15:38:49.179781000,0.022957895991567057,100,2210800.0,2209100.0,2210800,2209100,1700.0,1700,1402.9850228402256,3465
296,264185562,2012-06-21 15:38:50.504854000,-1.0,2211500.0,200.0,2012-06-21 15:38:50.505320000,0.0004653589930967428,100,2210700.0,2209100.0,2210700,2209100,1600.0,1600,1402.9850228402256,3475
297,264485276,2012-06-21 15:38:55.683509000,-1.0,2210300.0,200.0,2012-06-21 15:38:55.695504000,0.011995017004664987,100,2209400.0,2208200.0,2209400,2208200,1200.0,1200,1397.11421291741,3539
298,266940377,2012-06-21 15:41:28.518391000,1.0,2209200.0,300.0,2012-06-21 15:41:28.519768000,0.0013774980034213513,100,2210900.0,2210000.0,2210900,2210000,900.0,900,1352.0633809457975,3617
299,268757466,2012-06-21 15:43:56.561470000,1.0,2210200.0,200.0,2012-06-21 15:43:57.563288000,1.0018182960047852,100,2212200.0,2211300.0,2212200,2211300,900.0,900,1573.6250284776304,3441
300,269555851,2012-06-21 15:44:58.308642000,1.0,2211100.0,200.0,2012-06-21 15:44:59.925376000,1.616733316994214,100,2213000.0,2212100.0,2213000,2212100,900.0,900,1660.7004061031578,3562
301,270357328,2012-06-21 15:45:31.761821000,-1.0,2212500.0,200.0,2012-06-21 15:45:31.764752000,0.002931080001872033,100,2212000.0,2210800.0,2212000,2210800,1200.0,1200,1684.3927643725876,3583
302,270388420,2012-06-21 15:45:32.738868000,-1.0,2212700.0,200.0,2012-06-21 15:45:32.739351000,0.00048270000115735456,100,2212000.0,2210800.0,2212000,2210800,1200.0,1200,1684.3927643725876,3599
303,270812511,2012-06-21 15:45:59.312917000,1.0,2210300.0,200.0,2012-06-21 15:45:59.313394000,0.00047680199349997565,100,2212600.0,2211100.0,2212600,2211100,1500.0,1500,1717.3253609286023,3559
304,270859146,2012-06-21 15:46:02.389900000,1.0,2210600.0,200.0,2012-06-21 15:46:03.581843000,1.1919432040012907,100,2212600.0,2211300.0,2212600,2211300,1300.0,1300,1718.2800760126004,3583
305,270880396,2012-06-21 15:46:03.658131000,1.0,2210500.0,200.0,2012-06-21 15:46:04.991986000,1.3338551520064357,100,2212600.0,2211300.0,2212200,2211300,1300.0,900,1718.2800760126004,3588
306,271042141,2012-06-21 15:46:14.460031000,-1.0,2212800.0,200.0,2012-06-21 15:46:14.781857000,0.32182505799573846,100,2212000.0,2210700.0,2212100,2210700,1300.0,1400,1724.7338451647577,3637
307,271168179,2012-06-21 15:46:22.722945000,1.0,2210300.0,200.0,2012-06-21 15:46:23.362914000,0.6399692839986528,100,2212200.0,2211600.0,2212700,2211600,600.0,1100,1722.7604485034483,3681
308,271208848,2012-06-21 15:46:25.617458000,1.0,2210500.0,200.0,2012-06-21 15:46:25.618020000,0.0005618409995804541,100,2212000.0,2211600.0,2212000,2211600,400.0,400,1727.2545465973753,3694
309,271834067,2012-06-21 15:46:56.968422000,1.0,2210300.0,200.0,2012-06-21 15:46:57.181928000,0.21350676199654117,100,2212500.0,2211000.0,2212500,2211000,1500.0,1500,1726.74322029863,3707
310,272246348,2012-06-21 15:47:17.149425000,1.0,2210600.0,200.0,2012-06-21 15:47:17.378003000,0.22857839000062086,100,2212500.0,2211100.0,2212500,2211200,1400.0,1300,1720.3508140017702,3739
311,272296802,2012-06-21 15:47:17.681335000,1.0,2210900.0,200.0,2012-06-21 15:47:17.711691000,0.030355265000252984,100,2212500.0,2211400.0,2212600,2211400,1100.0,1200,1720.3508140017702,3749
312,272487828,2012-06-21 15:47:25.315727000,1.0,2210700.0,200.0,2012-06-21 15:47:25.827446000,0.5117184949995135,100,2212600.0,2211800.0,2212600,2211800,800.0,800,1725.301376602681,3853
313,272739613,2012-06-21 15:47:45.511242000,-1.0,2211300.0,200.0,2012-06-21 15:47:46.527753000,1.0165110140078468,100,2209900.0,2209600.0,2211000,2209600,300.0,1400,1701.7431033630635,3951
314,272747863,2012-06-21 15:47:46.531825000,-1.0,2211500.0,300.0,2012-06-21 15:47:46.546838000,0.015012534000561573,100,2210000.0,2209600.0,2211000,2209600,400.0,1400,1700.4250949941843,3957
315,272896992,2012-06-21 15:47:58.739007000,1.0,2207400.0,200.0,2012-06-21 15:47:59.865720000,1.1267123959914898,100,2209800.0,2208600.0,2209800,2208600,1200.0,1200,1710.1452154135354,4012
316,272941213,2012-06-21 15:48:01.991598000,1.0,2207700.0,200.0,2012-06-21 15:48:02.581965000,0.5903667610036791,100,2209700.0,2208700.0,2209700,2208700,1000.0,1000,1708.7912260594965,4010
317,272984543,2012-06-21 15:48:06.562075000,1.0,2207500.0,200.0,2012-06-21 15:48:06.743029000,0.18095328700292157,100,2209700.0,2208700.0,2209700,2208700,1000.0,1000,1709.6968870210953,4010
318,273145352,2012-06-21 15:48:10.178252000,1.0,2208200.0,200.0,2012-06-21 15:48:10.299166000,0.1209137760088197,100,2210000.0,2209500.0,2210000,2209500,500.0,500,1697.190854507529,4030
319,273822073,2012-06-21 15:48:52.297116000,1.0,2207500.0,200.0,2012-06-21 15:48:52.560879000,0.2637628219963517,100,2209300.0,2208200.0,2209300,2208200,1100.0,1100,1723.2761786582212,4030
320,273826537,2012-06-21 15:48:52.600908000,1.0,2207400.0,200.0,2012-06-21 15:48:52.782008000,0.18110008799703792,100,2209300.0,2208200.0,2209300,2208200,1100.0,1100,1723.2761786582212,4031
321,273829188,2012-06-21 15:48:52.853849000,1.0,2207300.0,200.0,2012-06-21 15:48:53.161325000,0.30747602799965534,100,2209300.0,2208200.0,2209600,2208200,1100.0,1400,1723.2761786582212,4034
322,274226844,2012-06-21 15:49:15.952348000,1.0,2208600.0,200.0,2012-06-21 15:49:15.953706000,0.0013575310003943741,100,2210200.0,2209300.0,2210400,2209300,900.0,1100,1719.3185958257639,4001
323,274599834,2012-06-21 15:49:39.417659000,1.0,2207600.0,200.0,2012-06-21 15:49:39.447711000,0.030052219008211978,100,2209200.0,2208500.0,2209200,2208500,700.0,700,1493.2869002084537,3925
324,275006959,2012-06-21 15:50:01.825554000,1.0,2208900.0,200.0,2012-06-21 15:50:02.215583000,0.39002862800407456,100,2211000.0,2209500.0,2211000,2209100,1500.0,1900,1437.2239362723203,4025
325,275287764,2012-06-21 15:50:09.209077000,1.0,2209100.0,200.0,2012-06-21 15:50:09.209539000,0.000461975003418047,100,2210900.0,2210600.0,2210900,2210600,300.0,300,1390.8138232589063,4080
326,275548481,2012-06-21 15:50:21.795081000,1.0,2208900.0,400.0,2012-06-21 15:50:32.471451000,10.676369385997532,100,2210500.0,2209500.0,2210200,2209400,1000.0,800,1364.397489489486,4100
327,275548481,2012-06-21 15:50:21.795081000,1.0,2208900.0,400.0,2012-06-21 15:50:32.471907000,10.676826046990755,100,2210500.0,2209500.0,2210200,2209400,1000.0,800,1364.397489489486,4100
328,275708559,2012-06-21 15:50:34.257925000,1.0,2207800.0,300.0,2012-06-21 15:50:34.259154000,0.0012288209982216358,100,2209800.0,2208600.0,2209800,2208600,1200.0,1200,1345.8423194896243,4135
329,275841483,2012-06-21 15:50:47.318805000,-1.0,2211000.0,300.0,2012-06-21 15:50:47.327136000,0.008330925993504934,100,2209800.0,2208400.0,2209800,2208400,1400.0,1400,1345.1830071221314,4154
330,276016423,2012-06-21 15:50:56.916982000,1.0,2208200.0,200.0,2012-06-21 15:50:56.918255000,0.001273688998480793,100,2210200.0,2209000.0,2210100,2209000,1200.0,1100,1325.4633871108492,4101
331,276213514,2012-06-21 15:51:09.082929000,1.0,2209100.0,200.0,2012-06-21 15:51:09.582150000,0.4992208190014935,100,2210800.0,2209900.0,2210800,2209900,900.0,900,1270.4866422839245,4083
332,278443627,2012-06-21 15:52:56.060809000,-1.0,2207800.0,200.0,2012-06-21 15:52:56.063799999,0.002990783003042452,100,2207100.0,2205500.0,2207100,2205500,1600.0,1600,1687.4623884662021,4206
333,279383340,2012-06-21 15:53:47.195869000,1.0,2205100.0,300.0,2012-06-21 15:53:47.196338000,0.00046840101276757196,200,2206700.0,2206100.0,2206700,2206100,600.0,600,1870.7231912897282,4130
334,280776581,2012-06-21 15:55:04.142751000,1.0,2207100.0,200.0,2012-06-21 15:55:04.682464000,0.5397131860081572,100,2208800.0,2207900.0,2208800,2208200,900.0,600,1960.481705105992,4003
335,280821524,2012-06-21 15:55:04.883042000,1.0,2207000.0,200.0,2012-06-21 15:55:04.982408000,0.09936601301160408,100,2208800.0,2208200.0,2208800,2208200,600.0,600,1969.590833122217,4008
336,280940784,2012-06-21 15:55:06.383174000,1.0,2207400.0,200.0,2012-06-21 15:55:06.461035000,0.077860145996965,100,2209600.0,2208500.0,2209600,2208500,1100.0,1100,1968.0832988684483,4016
337,280943766,2012-06-21 15:55:06.483060000,1.0,2207300.0,200.0,2012-06-21 15:55:06.817562000,0.3345019509943086,100,2209600.0,2208500.0,2209600,2208500,1100.0,1100,1968.0832988684483,4018
338,281835804,2012-06-21 15:55:39.770214000,-1.0,2209100.0,200.0,2012-06-21 15:55:39.770757000,0.0005424010087153874,100,2208600.0,2207100.0,2208600,2207100,1500.0,1500,1973.1202732798067,3974
339,285251964,2012-06-21 15:58:49.256089000,-1.0,2208800.0,200.0,2012-06-21 15:58:49.935330000,0.6792410309935804,100,2207500.0,2206800.0,2207500,2206900,700.0,600,1803.9096683459709,3952
