,OrderID,Time Submission,Direction_x,Price Submission,Size Submission,Time Execution Visible,lifetime,Size Execution Visible,Ask Price 1 Submission,Bid Price 1 Submission,Ask Price 1 Execution Visible,Bid Price 1 Execution Visible,Effective Spread Start,Effective Spread End,Volatility,Number of Orders Submitted
0,11885113,30:00.2,1,2238100,21,30:00.2,0.000618806,21,2239500,2238100,2239500,2237500,1400,2000,,0
1,3911376,30:00.2,-1,2239600,20,30:00.4,0.20180527,20,2239500,2238100,2239600,2237500,1400,2100,,0
2,11534792,30:00.2,1,2237500,100,30:00.2,0.000618806,26,2239500,2238100,2239500,2237500,1400,2000,,0
3,1365373,30:00.2,-1,2240000,13,30:00.4,0.213398351,13,2239500,2238100,2240000,2237500,1400,2500,,0
4,11474176,30:00.2,1,2236500,2,31:49.9,109.7143202,2,2239500,2238100,2239100,2236100,1400,3000,,0
5,1847685,30:00.2,-1,2240000,100,30:00.4,0.213398351,27,2239500,2238100,2240000,2237500,1400,2500,,0
6,1847685,30:00.2,-1,2240000,100,30:00.4,0.218268839,73,2239500,2238100,2240000,2237500,1400,2500,,0
7,3920359,30:00.2,1,2236000,15,31:49.9,109.7158856,15,2239500,2238100,2239100,2235000,1400,4100,,0
8,3578212,30:00.2,-1,2240000,4,30:00.4,0.218268839,4,2239500,2238100,2240000,2237500,1400,2500,,0
9,3581197,30:00.2,-1,2240000,10,30:00.4,0.218268839,3,2239500,2238100,2240000,2237500,1400,2500,,0
10,3581197,30:00.2,-1,2240000,10,30:00.4,0.221444992,7,2239500,2238100,2240000,2237500,1400,2500,,0
11,3591155,30:00.2,-1,2240000,50,30:00.4,0.221444992,50,2239500,2238100,2240000,2237500,1400,2500,,0
12,3689544,30:00.2,-1,2240000,100,30:00.4,0.221444992,43,2239500,2238100,2240000,2237500,1400,2500,,0
13,3689544,30:00.2,-1,2240000,100,30:00.4,0.222456058,57,2239500,2238100,2240000,2237500,1400,2500,,0
14,3920363,30:00.2,-1,2240000,6,30:00.4,0.222456058,6,2239500,2238100,2240000,2237500,1400,2500,,0
15,3920364,30:00.2,-1,2240000,23,30:00.4,0.222456058,23,2239500,2238100,2240000,2237500,1400,2500,,0
16,3920367,30:00.2,-1,2240000,6,30:00.4,0.222456058,6,2239500,2238100,2240000,2237500,1400,2500,,0
17,3920371,30:00.2,-1,2240000,54,30:00.4,0.222456058,54,2239500,2238100,2240000,2237500,1400,2500,,0
18,3920373,30:00.2,-1,2240000,54,30:00.4,0.222456058,54,2239500,2238100,2240000,2237500,1400,2500,,0
19,3920374,30:00.2,-1,2240000,15,30:00.4,0.227590289,15,2239500,2238100,2240000,2237500,1400,2500,,0
20,4631442,30:00.2,-1,2240000,76,30:00.4,0.227590289,76,2239500,2238100,2240000,2237500,1400,2500,,0
21,4631569,30:00.2,-1,2240000,20,30:00.4,0.227590289,20,2239500,2238100,2240000,2237500,1400,2500,,0
22,4632895,30:00.2,-1,2240000,15,30:00.4,0.227590289,15,2239500,2238100,2240000,2237500,1400,2500,,0
23,4632989,30:00.2,-1,2240000,10,30:00.4,0.227590289,10,2239500,2238100,2240000,2237500,1400,2500,,0
24,10054324,30:00.2,-1,2240000,25,30:00.4,0.227590289,25,2239500,2238100,2240000,2237500,1400,2500,,0
25,11349573,30:00.2,-1,2240000,100,30:00.4,0.227590289,100,2239500,2238100,2240000,2237500,1400,2500,,0
26,11830089,30:00.2,-1,2240000,50,30:00.4,0.227590289,50,2239500,2238100,2240000,2237500,1400,2500,,0
27,12490851,30:00.2,-1,2240000,500,30:00.4,0.227590289,183,2239500,2238100,2240000,2237500,1400,2500,,0
28,12490851,30:00.2,-1,2240000,500,30:00.4,0.230201172,100,2239500,2238100,2240000,2237500,1400,2500,,0
29,12490851,30:00.2,-1,2240000,500,30:00.5,0.34881707,200,2239500,2238100,2240000,2237500,1400,2500,,0
30,12490851,30:00.2,-1,2240000,500,30:00.6,0.378329192,17,2239500,2238100,2240000,2237500,1400,2500,,0
31,11561639,30:00.2,-1,2242400,20,30:15.8,15.58861059,20,2239500,2238100,2242500,2240900,1400,1600,,0
32,16202496,30:00.4,-1,2239600,286,30:00.4,0.015131814,286,2239500,2237500,2239900,2237500,2000,2400,300,27
33,16207239,30:00.4,-1,2239900,100,30:00.4,0.007124345,90,2239900,2237500,2239900,2237500,2400,2400,924.6621004,29
34,16207239,30:00.4,-1,2239900,100,30:00.4,0.008601014,10,2239900,2237500,2239900,2237500,2400,2400,924.6621004,29
35,16208720,30:00.4,-1,2239900,50,30:00.4,0.001082276,50,2239900,2237500,2240000,2237500,2400,2500,956.242647,30
36,16240373,30:00.6,-1,2240000,100,30:00.6,0.002168462,100,2240000,2237500,2242400,2237500,2500,4900,530.6751941,37
37,16240856,30:00.6,-1,2240000,100,30:00.6,0.003313814,100,2240000,2237500,2242400,2237500,2500,4900,523.5707188,39
38,16241642,30:00.6,-1,2240000,100,30:01.4,0.820942008,100,2240000,2237500,2242400,2238400,2500,4000,516.7401747,40
39,16252480,30:00.6,-1,2239500,100,30:00.8,0.140172157,100,2239500,2237500,2240000,2237500,2000,2500,516.7401747,41
40,16275687,30:00.8,-1,2239500,75,30:00.9,0.119584953,15,2239500,2237500,2239500,2238400,2000,1100,512.61855,43
41,16275687,30:00.8,-1,2239500,75,30:01.4,0.599523563,60,2239500,2237500,2240000,2238400,2000,1600,512.61855,43
42,16289323,30:00.9,1,2238400,100,30:00.9,0.001128027,100,2239500,2238400,2239500,2237500,1100,2000,512.61855,44
43,16352638,30:01.3,-1,2238600,100,30:01.3,0.000459586,100,2238600,2238400,2239500,2238400,200,1100,551.1571811,46
44,16451737,30:02.3,1,2238900,100,30:07.2,4.953601795,13,2242400,2238900,2240200,2238900,3500,1300,563.9792335,56
45,16681306,30:04.7,-1,2241000,1100,30:12.0,7.315661345,100,2241000,2238900,2241000,2239200,2100,1800,563.9792335,75
46,16681306,30:04.7,-1,2241000,1100,30:12.0,7.317859001,100,2241000,2238900,2241000,2239200,2100,1800,563.9792335,75
47,16728917,30:05.2,-1,2240700,100,30:11.9,6.7810138,100,2240700,2238900,2240700,2239200,1800,1500,563.9792335,82
48,16799433,30:05.9,-1,2240200,100,30:07.3,1.400058033,71,2240200,2238900,2240200,2239100,1300,1100,563.9792335,86
49,16799433,30:05.9,-1,2240200,100,30:07.4,1.440146172,29,2240200,2238900,2240200,2239100,1300,1100,563.9792335,86
50,16811014,30:06.2,-1,2240200,100,30:07.4,1.208054735,71,2240200,2238900,2240200,2239100,1300,1100,563.9792335,87
51,17030256,30:10.9,-1,2240400,29,30:11.0,0.056559676,29,2240400,2239200,2240700,2239200,1200,1500,564.8992044,130
52,17063006,30:11.6,-1,2240700,400,30:11.9,0.324503689,300,2240700,2239200,2240700,2239200,1500,1500,566.3074773,131
53,17063006,30:11.6,-1,2240700,400,30:12.0,0.348428735,100,2240700,2239200,2241000,2239200,1500,1800,566.3074773,131
54,17084297,30:12.2,1,2239300,100,30:12.2,0.003629559,100,2241000,2239300,2242400,2239200,1700,3200,622.0478143,132
55,17094576,30:12.4,1,2241300,100,30:12.4,0.000324888,100,2242400,2241300,2242400,2240900,1100,1500,621.207428,135
56,17209080,30:16.2,-1,2242900,500,30:19.1,2.939145236,10,2242500,2240900,2242900,2240900,1600,2000,722.8202652,159
57,17209080,30:16.2,-1,2242900,500,30:19.4,3.188082621,200,2242500,2240900,2242900,2240900,1600,2000,722.8202652,159
58,17209080,30:16.2,-1,2242900,500,30:19.5,3.32828343,200,2242500,2240900,2242900,2240900,1600,2000,722.8202652,159
59,17365824,30:20.5,-1,2243000,1,30:23.3,2.74652951,1,2243000,2240900,2244500,2240900,2100,3600,964.6379195,163
60,17794177,30:32.6,1,2242900,100,30:32.6,0.00012831,100,2244500,2242900,2244500,2241500,1600,3000,1028.096668,181
61,17835914,30:33.8,1,2242400,100,30:33.9,0.150745705,100,2244500,2242400,2244500,2242400,2100,2100,1079.385591,193
62,17836088,30:33.8,1,2242400,100,30:33.9,0.14587702,71,2244500,2242400,2244500,2242400,2100,2100,1079.385591,194
63,17836088,30:33.8,1,2242400,100,30:33.9,0.146001408,29,2244500,2242400,2244500,2241100,2100,3400,1079.385591,194
64,17967562,30:37.6,1,2242500,67,30:40.0,2.387413089,67,2244200,2242500,2244200,2242500,1700,1700,1154.230332,200
65,18040154,30:40.0,1,2242500,100,30:40.0,0.011823273,100,2244200,2242500,2244200,2241500,1700,2700,1154.230332,201
66,18040889,30:40.0,1,2242500,100,30:40.0,0.003401458,100,2244200,2242500,2244200,2241000,1700,3200,1198.627959,203
67,18041087,30:40.0,1,2242500,100,30:41.7,1.672885495,100,2244200,2242500,2244200,2242500,1700,1700,1217.870875,204
68,18041637,30:40.0,1,2241800,100,30:44.4,4.40434224,100,2244200,2242500,2244200,2240000,1700,4200,1217.870875,205
69,18049859,30:40.3,1,2242500,77,30:42.0,1.671420159,77,2244200,2242500,2244200,2242500,1700,1700,1217.870875,206
70,18073344,30:41.3,1,2238600,100,31:13.6,32.29887098,99,2244200,2242500,2241300,2238600,1700,2700,1217.870875,207
71,18073344,30:41.3,1,2238600,100,31:25.6,44.31795303,1,2244200,2242500,2241300,2238400,1700,2900,1217.870875,207
72,18082568,30:41.7,1,2242500,100,30:42.0,0.316294711,23,2244200,2242500,2244200,2242500,1700,1700,1235.416304,208
73,18082568,30:41.7,1,2242500,100,30:44.4,2.730945124,77,2244200,2242500,2244200,2242500,1700,1700,1235.416304,208
74,18089311,30:42.0,1,2242500,100,30:44.4,2.414425107,23,2244200,2242500,2244200,2242500,1700,1700,1266.069716,209
75,18089311,30:42.0,1,2242500,100,30:44.4,2.417410907,77,2244200,2242500,2244200,2242500,1700,1700,1266.069716,209
76,18148394,30:44.4,1,2242500,31,30:44.4,0.002733389,23,2244200,2242500,2244200,2242500,1700,1700,1291.697191,210
77,18148394,30:44.4,1,2242500,31,30:44.4,0.002847976,8,2244200,2242500,2244200,2241800,1700,2400,1291.697191,210
78,18172812,30:45.3,1,2241300,16,30:45.5,0.255942615,16,2244200,2241300,2241900,2240000,2900,1900,1320.447303,211
79,18178733,30:45.5,-1,2241900,200,30:45.5,0.000680976,200,2241900,2241300,2244200,2240000,600,4200,1320.447303,212
80,18433707,30:56.5,1,2238400,22,31:43.7,47.22065889,22,2243500,2238600,2240000,2238400,4900,1600,1312.703618,311
81,18877451,31:11.8,1,2238700,1,31:13.6,1.811889085,1,2241300,2238700,2241300,2238600,2600,2700,1312.703618,323
82,18930320,31:13.8,1,2239800,100,31:13.8,0.000112505,65,2241300,2239800,2241300,2239800,1500,1500,1334.735456,324
83,18930320,31:13.8,1,2239800,100,31:13.8,0.000114289,35,2241300,2239800,2241300,2238600,1500,2700,1334.735456,324
84,18966278,31:15.4,1,2240200,100,31:15.4,0.0003832,100,2241300,2240200,2241300,2238600,1100,2700,1324.19551,326
85,18992920,31:16.8,-1,2240200,1,31:20.6,3.815585654,1,2240200,2238600,2241200,2238600,1600,2600,1316.746393,328
86,19183169,31:24.3,-1,2241900,300,32:14.3,50.0180196,100,2241200,2238600,2241900,2241700,2600,200,1309.419951,330
87,19183169,31:24.3,-1,2241900,300,32:14.3,50.01808902,187,2241200,2238600,2241900,2241700,2600,200,1309.419951,330
88,19183169,31:24.3,-1,2241900,300,32:14.3,50.01813149,13,2241200,2238600,2243600,2241700,2600,1900,1309.419951,330
89,19233799,31:26.0,1,2236100,11,31:49.9,23.88936885,11,2241300,2238400,2239100,2236000,2900,3100,1319.540602,332
90,19300526,31:28.7,1,2238400,100,31:43.7,14.94298802,33,2241900,2238400,2240000,2238400,3500,1600,1319.540602,333
91,19300526,31:28.7,1,2238400,100,31:43.7,14.94310414,67,2241900,2238400,2240000,2236500,3500,3500,1319.540602,333
92,19314473,31:29.5,-1,2240500,100,31:37.2,7.707206068,100,2240500,2238400,2240500,2238400,2100,2100,1319.540602,334
93,19314520,31:29.5,-1,2240500,100,31:37.2,7.703924323,96,2240500,2238400,2240500,2238400,2100,2100,1319.540602,335
94,19314520,31:29.5,-1,2240500,100,31:37.2,7.704004555,4,2240500,2238400,2241000,2238400,2100,2600,1319.540602,335
95,19628333,31:43.9,1,2238000,100,31:47.0,3.128947622,100,2240000,2238000,2240000,2236500,2000,3500,1332.969799,342
96,19791130,31:49.7,1,2236600,100,31:49.7,0.001624076,100,2239500,2236600,2239500,2236500,2900,3000,1351.062225,355
97,19808492,31:50.0,1,2237700,100,31:50.0,0.000122833,100,2238900,2237700,2238900,2235000,1200,3900,1567.614829,361
98,19822943,31:50.3,-1,2236000,1,31:50.3,9.63E-05,1,2236000,2235000,2238200,2235000,1000,3200,1581.557842,363
99,19823062,31:50.3,-1,2238100,1,32:04.0,13.63996578,1,2238100,2235000,2238200,2235000,3100,3200,1631.695608,364
100,19846261,31:51.2,1,2237300,100,31:51.2,0.000113773,39,2238100,2237300,2238100,2237300,800,800,1631.695608,365
101,19846261,31:51.2,1,2237300,100,31:51.2,0.000115985,61,2238100,2237300,2238100,2235000,800,3100,1631.695608,365
102,19859519,31:52.0,-1,2238600,2,32:04.0,12.03663163,2,2238100,2235000,2241900,2235000,3100,6900,1666.782309,380
103,19879921,31:53.0,-1,2236700,1,31:57.5,4.494476111,1,2236700,2235000,2238100,2235000,1700,3100,1666.782309,386
104,19959875,31:57.5,-1,2238200,10,32:04.0,6.466706619,10,2238100,2235000,2238600,2235000,3100,3600,1693.991494,395
105,19985448,31:58.7,-1,2237000,99,32:00.5,1.835712104,36,2237000,2235000,2237000,2235000,2000,2000,1693.991494,396
106,19985448,31:58.7,-1,2237000,99,32:02.0,3.335475884,49,2237000,2235000,2237000,2235000,2000,2000,1693.991494,396
107,19985448,31:58.7,-1,2237000,99,32:02.0,3.33558744,14,2237000,2235000,2238100,2235000,2000,3100,1693.991494,396
108,20119251,32:04.2,1,2232500,10,05:44.3,2020.043132,10,2241900,2235000,2233000,2232500,6900,500,1749.399638,400
109,20164379,32:06.3,-1,2238900,100,32:09.0,2.706550894,100,2238900,2235000,2241900,2235000,3900,6900,1749.399638,401
110,20343976,32:14.3,1,2241700,200,32:14.3,0.000197367,200,2241900,2241700,2241900,2241700,200,200,1744.261047,407
111,20344274,32:14.3,-1,2242800,1,32:14.4,0.095765337,1,2242800,2241700,2243600,2241700,1100,1900,1748.094831,413
112,20355014,32:14.8,-1,2242500,50,34:04.1,109.2144925,50,2242500,2240300,2242900,2242000,2200,900,1759.647425,420
113,20436930,32:18.6,1,2241900,51,32:18.6,0.000107149,51,2242500,2241900,2242500,2239400,600,3100,1759.647425,424
114,20436945,32:18.6,1,2241800,100,32:18.6,0.008677793,100,2242500,2241800,2242500,2236100,700,6400,1760.267801,425
115,20583033,32:25.3,1,2240500,100,32:25.9,0.611462248,1,2242500,2240500,2242500,2240500,2000,2000,1759.846603,440
116,20583033,32:25.3,1,2240500,100,32:26.2,0.850254852,1,2242500,2240500,2242500,2240500,2000,2000,1759.846603,440
117,20583033,32:25.3,1,2240500,100,32:26.3,1.041336642,98,2242500,2240500,2242500,2235200,2000,7300,1759.846603,440
118,20652047,32:27.6,-1,2242000,200,34:04.1,96.48908626,55,2242000,2239000,2242000,2240000,3000,2000,1738.126657,445
119,20652047,32:27.6,-1,2242000,200,34:04.1,96.48985455,100,2242000,2239000,2242000,2240000,3000,2000,1738.126657,445
120,20652047,32:27.6,-1,2242000,200,34:04.1,96.48995886,45,2242000,2239000,2242000,2240000,3000,2000,1738.126657,445
121,20652049,32:27.6,1,2237900,100,32:28.6,1.025252805,100,2242000,2237900,2241900,2235200,4100,6700,1738.126657,446
122,20687888,32:28.8,1,2238200,100,32:28.8,0.000374166,100,2241900,2238200,2241900,2235000,3700,6900,1742.556255,450
123,20812077,32:32.7,-1,2240000,200,33:51.3,78.57301736,40,2240000,2235000,2240000,2236500,5000,3500,1743.758929,456
124,20812077,32:32.7,-1,2240000,200,33:53.0,80.26197372,160,2240000,2235000,2241800,2236500,5000,5300,1743.758929,456
125,20897618,32:37.3,1,2238300,100,32:37.3,0.00011896,2,2239900,2238300,2239900,2238300,1600,1600,1743.758929,459
126,20897618,32:37.3,1,2238300,100,32:37.3,0.000371825,98,2239900,2238300,2239900,2235000,1600,4900,1743.758929,459
127,20905801,32:37.9,-1,2238400,2,32:47.4,9.45314537,2,2238400,2235000,2238900,2235000,3400,3900,1743.969769,462
128,20905802,32:37.9,-1,2238300,2,32:47.4,9.453031225,2,2238300,2235000,2238400,2235000,3300,3400,1743.969769,463
129,21283999,32:57.6,-1,2237600,1,32:58.4,0.855568645,1,2237600,2235000,2237600,2235000,2600,2600,1742.916134,483
130,21284027,32:57.6,-1,2237600,1,32:58.4,0.853941269,1,2237600,2235000,2238300,2235000,2600,3300,1742.916134,484
131,21508773,33:09.2,-1,2237700,1,33:15.8,6.685927375,1,2237700,2235000,2237700,2235000,2700,2700,1755.343225,492
132,21559847,33:11.7,-1,2237700,100,33:15.8,4.127451331,100,2237700,2235000,2237700,2235000,2700,2700,1755.343225,493
133,21587203,33:13.1,-1,2237700,100,33:15.8,2.761321104,99,2237700,2235000,2237700,2235000,2700,2700,1755.343225,494
134,21587203,33:13.1,-1,2237700,100,33:15.8,2.761487487,1,2237700,2235000,2239800,2235000,2700,4800,1755.343225,494
135,21616444,33:14.9,-1,2237500,100,33:15.8,0.899283601,100,2237500,2235000,2237500,2235000,2500,2500,1755.343225,495
136,21616642,33:15.0,-1,2237500,1,33:15.8,0.882127347,1,2237500,2235000,2237700,2235000,2500,2700,1755.343225,496
137,21636092,33:15.8,-1,2237700,100,33:15.8,0.000166041,100,2237700,2235000,2239800,2235000,2700,4800,1783.487873,497
138,21636299,33:15.8,-1,2237700,100,33:15.8,0.000206446,96,2237700,2235000,2237700,2235000,2700,2700,1786.649987,498
139,21636299,33:15.8,-1,2237700,100,33:15.8,0.000226898,4,2237700,2235000,2239800,2235000,2700,4800,1786.649987,498
140,21636573,33:15.8,-1,2237700,100,33:15.8,0.000954103,69,2237700,2235000,2237700,2235000,2700,2700,1792.374599,499
141,21636573,33:15.8,-1,2237700,100,33:15.8,0.001127228,31,2237700,2235000,2239800,2235000,2700,4800,1792.374599,499
142,21637454,33:15.8,-1,2237700,100,33:15.9,0.002255623,100,2237700,2235000,2239800,2235000,2700,4800,1797.356083,500
143,21638670,33:15.9,-1,2237700,100,33:15.9,0.021943786,12,2237700,2235000,2237700,2235000,2700,2700,1799.587701,502
144,21638670,33:15.9,-1,2237700,100,33:15.9,0.086824065,88,2237700,2235000,2237700,2235000,2700,2700,1799.587701,502
145,21644399,33:15.9,-1,2237700,100,33:15.9,0.064632204,12,2237700,2235000,2237700,2235000,2700,2700,1801.656226,503
146,21644399,33:15.9,-1,2237700,100,33:16.0,0.149264845,88,2237700,2235000,2237700,2235000,2700,2700,1801.656226,503
147,21650189,33:15.9,-1,2237700,67,33:16.0,0.084301468,67,2237700,2235000,2239500,2235000,2700,4500,1805.330857,504
148,21674864,33:16.8,1,2236000,7,45:36.0,739.2336262,7,2239900,2236000,2236500,2235000,3900,1500,1808.430536,507
149,21806628,33:22.8,-1,2238800,1,33:25.8,3.019152943,1,2238800,2236000,2239900,2236000,2800,3900,1808.430536,513
150,21866410,33:26.5,1,2236500,100,33:36.0,9.447161256,2,2239900,2236500,2238900,2236500,3400,2400,1803.61503,514
151,21866410,33:26.5,1,2236500,100,33:36.0,9.449424534,2,2239900,2236500,2238900,2236500,3400,2400,1803.61503,514
152,21866411,33:26.5,-1,2239600,100,33:39.5,12.9797227,100,2239600,2236500,2239600,2236500,3100,3100,1803.61503,515
153,21866417,33:26.5,-1,2239600,400,33:39.5,12.97926528,145,2239600,2236500,2239600,2236500,3100,3100,1803.61503,516
154,21942984,33:32.0,1,2237600,100,33:34.8,2.753934528,100,2239600,2237600,2238900,2236500,2000,2400,1803.61503,519
155,22091806,33:40.7,-1,2238600,43,33:40.7,0.000122537,43,2238600,2236500,2240000,2236500,2100,3500,1818.617374,528
156,22186797,33:47.8,-1,2239600,1,33:51.3,3.510532629,1,2239600,2236500,2240000,2236500,3100,3500,1814.436165,532
157,22209500,33:49.9,-1,2238600,2,33:51.3,1.380389944,2,2238600,2236500,2239600,2236500,2100,3100,1814.436165,533
158,22338263,33:59.6,-1,2242000,1,34:04.1,4.429205815,1,2242000,2240000,2242500,2240000,2000,2500,1792.848984,545
159,22450352,34:05.7,1,2242000,100,34:59.9,54.16462318,100,2244500,2242000,2243200,2241200,2500,2000,1817.219443,552
160,22497468,34:08.7,1,2238000,10,35:10.0,61.37845367,10,2244500,2242000,2240800,2237300,2500,3500,1817.219443,561
161,22517179,34:09.9,-1,2244500,200,34:09.9,0.001167696,100,2244500,2242000,2244500,2242000,2500,2500,1817.219443,563
162,22517179,34:09.9,-1,2244500,200,34:09.9,0.00404873,100,2244500,2242000,2245000,2242000,2500,3000,1817.219443,563
163,22517293,34:09.9,-1,2244500,125,34:09.9,0.001835717,100,2244500,2242000,2244500,2242000,2500,2500,1883.244673,571
164,22517293,34:09.9,-1,2244500,125,34:09.9,0.002336428,21,2244500,2242000,2244500,2242000,2500,2500,1883.244673,571
165,22517293,34:09.9,-1,2244500,125,34:10.0,0.099256409,4,2244500,2242000,2245000,2242000,2500,3000,1883.244673,571
166,22519873,34:10.0,1,2244900,100,34:10.0,0.020626266,100,2247500,2244900,2247500,2242000,2600,5500,1972.003021,572
167,22522589,34:10.2,1,2244900,100,34:10.2,0.000366469,100,2247500,2244900,2247500,2242000,2600,5500,2005.09288,573
168,22524875,34:10.4,1,2244900,100,34:11.0,0.583088209,100,2247500,2244900,2246900,2242000,2600,4900,2036.789095,574
169,22527537,34:10.7,-1,2246900,5,34:30.5,19.78353274,5,2246900,2244900,2246900,2245700,2000,1200,2036.789095,575
170,22534667,34:11.3,1,2244900,100,34:14.8,3.412710446,100,2246900,2244900,2246800,2242000,2000,4800,2067.179355,579
171,22534671,34:11.3,1,2245800,100,34:13.7,2.318188021,100,2246900,2245800,2246900,2244900,1100,2000,2067.179355,580
172,22545486,34:12.0,1,2241200,400,35:00.1,48.1097016,1,2246900,2245800,2243200,2241200,1100,2000,2067.179355,581
173,22545486,34:12.0,1,2241200,400,35:00.1,48.11101372,1,2246900,2245800,2243200,2241200,1100,2000,2067.179355,581
174,22545486,34:12.0,1,2241200,400,35:03.0,50.99664898,300,2246900,2245800,2242500,2241200,1100,1300,2067.179355,581
175,22545486,34:12.0,1,2241200,400,35:04.7,52.6644439,2,2246900,2245800,2242500,2241200,1100,1300,2067.179355,581
176,22545486,34:12.0,1,2241200,400,35:07.0,54.98922708,96,2246900,2245800,2242300,2241200,1100,1100,2067.179355,581
177,22591862,34:15.4,1,2244600,100,34:15.4,0.000115099,100,2246800,2244600,2246800,2242000,2200,4800,2137.869802,584
178,22672038,34:20.3,-1,2245900,1,34:22.9,2.565191282,1,2245900,2242000,2246400,2242000,3900,4400,2160.577196,590
179,22702485,34:23.1,1,2239100,30,35:10.0,46.9475256,30,2246400,2242000,2240800,2238000,4400,2800,2200.645414,592
180,22771332,34:28.0,-1,2246900,300,34:30.5,2.491160126,19,2246900,2242000,2246900,2245700,4900,1200,2200.645414,598
181,22771332,34:28.0,-1,2246900,300,34:32.2,4.197701073,200,2246900,2242000,2246900,2245700,4900,1200,2200.645414,598
182,22771332,34:28.0,-1,2246900,300,34:32.2,4.204537732,81,2246900,2242000,2247500,2245700,4900,1800,2200.645414,598
183,22783957,34:29.1,-1,2246500,1,34:30.5,1.370795187,1,2246500,2242000,2246900,2245700,4500,1200,2200.645414,602
184,22786334,34:29.4,1,2245700,100,34:42.4,13.01825013,100,2246500,2245700,2247300,2242000,800,5300,2200.645414,603
185,22832361,34:32.9,1,2247500,100,34:32.9,9.04E-05,100,2247900,2247500,2247900,2245700,400,2200,2444.657085,609
186,22899420,34:38.2,1,2245900,100,34:42.0,3.82924884,16,2247300,2245900,2247300,2245900,1400,1400,2497.949265,618
187,22899420,34:38.2,1,2245900,100,34:42.4,4.168835144,84,2247300,2245900,2247300,2245700,1400,1600,2497.949265,618
188,23027906,34:47.0,-1,2244600,1,34:47.0,0.000118373,1,2244600,2243900,2246500,2244000,700,2500,2577.058576,663
189,23027909,34:47.0,-1,2244500,2,34:47.0,1.11E-05,2,2244500,2244000,2244600,2244000,500,600,2577.058576,665
190,23052675,34:48.0,1,2243900,100,34:49.3,1.240917971,100,2245700,2243900,2245700,2242000,1800,3700,2599.405143,674
191,23092756,34:50.2,1,2243700,100,34:50.2,0.000106726,3,2244500,2243700,2244400,2243700,800,700,2604.842483,704
192,23092756,34:50.2,1,2243700,100,34:50.2,0.000186675,97,2244500,2243700,2244400,2242000,800,2400,2604.842483,704
193,23308991,35:03.0,1,2241200,300,35:07.0,3.992352168,300,2242500,2241200,2242300,2239100,1300,3200,2588.034752,759
194,23516726,35:12.2,-1,2240200,100,35:19.6,7.3549484,83,2240000,2237300,2240200,2238600,2700,1600,2564.012035,823
195,23516726,35:12.2,-1,2240200,100,35:19.6,7.35496215,17,2240000,2237300,2242600,2238600,2700,4000,2564.012035,823
196,23543728,35:12.7,-1,2239600,4,35:14.5,1.768878799,4,2239600,2237300,2239600,2237300,2300,2300,2564.012035,825
197,23543736,35:12.7,-1,2239600,77,35:14.5,1.76867609,77,2239600,2237300,2240000,2237300,2300,2700,2564.012035,827
198,23552250,35:12.9,-1,2240000,1,35:19.6,6.721072072,1,2239600,2237300,2240200,2238600,2300,1600,2564.012035,828
199,23849760,35:30.4,1,2238800,75,36:05.5,35.16904377,75,2242500,2241000,2239900,2236700,1500,3200,2533.321139,856
200,23907873,35:34.5,1,2240000,30,35:38.7,4.218248389,30,2242400,2241000,2241300,2238800,1400,2500,2533.321139,859
201,23917882,35:35.4,1,2241500,100,35:35.4,0.030501327,100,2243300,2241500,2243500,2240000,1800,3500,2533.321139,864
202,23955825,35:38.7,-1,2239400,100,35:38.7,9.97E-05,100,2239400,2238800,2241300,2238800,600,2500,2521.810319,878
203,23990042,35:40.7,-1,2242500,100,39:29.2,228.5304353,100,2241300,2238800,2243000,2239400,2500,3600,2516.684327,901
204,24081270,35:47.3,-1,2241500,100,36:26.9,39.61479405,100,2241300,2238800,2241500,2238600,2500,2900,2516.684327,909
205,24104731,35:48.2,1,2238900,100,35:53.3,5.053771059,100,2241300,2238900,2240000,2238800,2400,1200,2516.684327,912
206,24139782,35:50.3,-1,2240000,100,35:50.6,0.281035213,30,2240000,2238900,2240000,2238900,1100,1100,2516.684327,915
207,24139782,35:50.3,-1,2240000,100,36:00.0,9.686943074,70,2240000,2238900,2241300,2238800,1100,2500,2516.684327,915
208,24349254,36:04.7,-1,2240400,64,36:26.9,22.19494018,64,2240400,2238800,2241500,2238600,1600,2900,2500.95131,930
209,24365588,36:05.5,-1,2239900,100,36:25.1,19.57148921,100,2239900,2238800,2240400,2239600,1100,800,2500.95131,931
210,24368440,36:05.6,1,2238500,100,36:06.0,0.405097965,100,2239900,2238500,2239900,2236700,1400,3200,2497.56297,932
211,24487326,36:12.7,1,2238200,100,36:16.2,3.543233772,100,2239900,2238200,2239900,2236000,1700,3900,2495.238345,936
212,24760732,36:25.1,-1,2239900,80,36:25.1,0.001450257,80,2239900,2239600,2240400,2239600,300,800,2488.382679,958
213,24802400,36:26.2,-1,2241500,200,36:26.9,0.74293749,100,2240400,2239600,2241500,2238600,800,2900,2482.680949,964
214,24804599,36:26.3,1,2238600,200,38:31.7,125.3440084,10,2240400,2238600,2241000,2238600,1800,2400,2482.680949,966
215,24804599,36:26.3,1,2238600,200,38:32.6,126.3061314,190,2240400,2238600,2241000,2236700,1800,4300,2482.680949,966
216,25054870,36:39.2,-1,2242300,100,37:44.2,64.99701701,100,2242200,2238600,2242500,2240600,3600,1900,2467.096743,976
217,25164163,36:46.5,1,2240800,100,36:46.5,0.000112541,100,2241900,2240800,2241900,2238600,1100,3300,2467.096743,982
218,25315106,36:56.0,1,2240400,200,37:10.2,14.16121508,146,2241700,2240400,2241500,2240400,1300,1100,2461.386021,989
219,25315106,36:56.0,1,2240400,200,37:10.2,14.16205207,54,2241700,2240400,2241500,2238600,1300,2900,2461.386021,989
220,25473038,37:08.4,-1,2241600,100,37:20.3,11.87180055,100,2241600,2240400,2242300,2240400,1200,1900,2461.386021,992
221,25482160,37:09.1,-1,2241500,100,37:20.2,11.12910222,100,2241500,2240400,2241600,2240400,1100,1200,2461.386021,993
222,25604259,37:14.4,1,2240400,100,37:14.4,0.000370138,14,2241500,2240400,2241500,2240400,1100,1100,2449.862875,999
223,25604259,37:14.4,1,2240400,100,37:34.6,20.26126824,25,2241500,2240400,2241500,2240400,1100,1100,2449.862875,999
224,25604259,37:14.4,1,2240400,100,37:37.4,23.02484197,2,2241500,2240400,2241500,2240400,1100,1100,2449.862875,999
225,25604259,37:14.4,1,2240400,100,37:37.4,23.02559439,2,2241500,2240400,2241500,2240400,1100,1100,2449.862875,999
226,25604259,37:14.4,1,2240400,100,37:37.4,23.02731874,2,2241500,2240400,2241500,2240400,1100,1100,2449.862875,999
227,25604259,37:14.4,1,2240400,100,37:37.4,23.02738659,55,2241500,2240400,2241500,2240000,1100,1500,2449.862875,999
228,25880288,37:33.4,-1,2241500,100,37:41.9,8.50000574,100,2241500,2240400,2241600,2240500,1100,1100,2435.130397,1017
229,26008683,37:43.9,1,2240600,200,38:03.8,19.95014316,200,2242300,2240600,2241600,2238600,1700,3000,2403.165916,1026
230,26251406,37:55.7,1,2240800,100,38:03.8,8.102043039,100,2242100,2240800,2241600,2240800,1300,800,2400.906595,1040
231,26255945,37:56.0,1,2240800,100,38:03.8,7.873270053,79,2242100,2240800,2241600,2240800,1300,800,2400.906595,1041
232,26255945,37:56.0,1,2240800,100,38:03.8,7.873354629,21,2242100,2240800,2241600,2240600,1300,1000,2400.906595,1041
233,26311330,37:59.9,-1,2242000,100,39:26.8,86.91920726,100,2242000,2240800,2242500,2239800,1200,2700,2400.906595,1043
234,26382039,38:03.8,1,2240600,100,38:03.9,0.014878161,100,2241600,2240600,2241800,2238600,1000,3200,2380.053427,1052
235,26404124,38:04.7,1,2240200,100,38:20.1,15.37935301,100,2241600,2240200,2241400,2240200,1400,1200,2374.864242,1056
236,26504391,38:10.0,1,2240200,100,38:20.1,10.05488863,40,2241500,2240200,2241400,2240200,1300,1200,2374.864242,1062
237,26504391,38:10.0,1,2240200,100,38:20.1,10.05502651,60,2241500,2240200,2241400,2239000,1300,2400,2374.864242,1062
238,26725822,38:20.1,1,2240000,200,38:20.1,0.005864694,200,2241400,2240000,2241400,2239000,1400,2400,2359.672795,1068
239,26822725,38:23.1,1,2240100,79,38:26.2,3.080586224,79,2241300,2240100,2241100,2240100,1200,1000,2354.810274,1085
240,26824533,38:23.2,1,2240100,35,38:26.2,2.983825921,21,2241300,2240100,2241100,2240100,1200,1000,2354.810274,1087
241,26824533,38:23.2,1,2240100,35,38:26.2,2.987130547,14,2241300,2240100,2241300,2238600,1200,2700,2354.810274,1087
242,27111446,38:32.6,1,2238600,200,38:32.7,0.119729269,100,2241000,2238600,2239700,2238600,2400,1100,2336.565313,1108
243,27111446,38:32.6,1,2238600,200,38:32.7,0.119796987,100,2241000,2238600,2239700,2237000,2400,2700,2336.565313,1108
244,27115888,38:32.7,-1,2239700,6,38:36.0,3.233516086,6,2239700,2238600,2241000,2239400,1100,1600,2336.565313,1111
245,27115977,38:32.7,1,2238600,90,38:32.7,0.006940578,90,2239700,2238600,2239700,2236700,1100,3000,2332.909336,1113
246,27252241,38:36.0,1,2239400,100,38:36.6,0.63547935,100,2239700,2239400,2240700,2236400,300,4300,2331.064199,1127
247,27345923,38:40.6,1,2240000,25,38:40.6,0.000102237,6,2240500,2240000,2240500,2240000,500,500,2322.857213,1145
248,27345923,38:40.6,1,2240000,25,38:40.6,0.000127362,19,2240500,2240000,2240500,2236000,500,4500,2322.857213,1145
249,28073237,39:16.4,-1,2239600,100,39:18.4,2.043753125,100,2239600,2238600,2241300,2239400,1000,1900,2313.671732,1178
250,28181287,39:23.1,-1,2241200,100,39:26.4,3.242498327,100,2241200,2238900,2242000,2239700,2300,2300,2309.554947,1224
251,28240193,39:26.4,-1,2241600,100,39:26.4,0.045982045,51,2241600,2239700,2241600,2239700,1900,1900,2305.410549,1237
252,29035435,40:11.2,-1,2241400,100,40:47.5,36.27712079,1,2241400,2237700,2241400,2239100,3700,2300,2298.608275,1316
253,29035435,40:11.2,-1,2241400,100,40:48.5,37.35621938,99,2241400,2237700,2242500,2240700,3700,1800,2298.608275,1316
254,29092003,40:14.3,-1,2240100,75,40:24.7,10.3564764,36,2240100,2238100,2240100,2236700,2000,3400,2298.608275,1325
255,29092003,40:14.3,-1,2240100,75,40:28.9,14.5759068,39,2240100,2238100,2240400,2236700,2000,3700,2298.608275,1325
256,29107250,40:14.5,-1,2240000,2,40:16.9,2.468586616,2,2240000,2236700,2240100,2236700,3300,3400,2298.608275,1329
257,29171582,40:16.9,1,2240000,11,40:16.9,0.000108261,11,2240100,2240000,2240100,2236700,100,3400,2298.608275,1338
258,29189328,40:18.0,-1,2240600,90,40:28.9,10.88172503,90,2240100,2236700,2240600,2238800,3400,1800,2289.801515,1339
259,29264701,40:23.0,-1,2240600,100,40:28.9,5.904151536,10,2240100,2236700,2240600,2238800,3400,1800,2289.801515,1343
260,29264701,40:23.0,-1,2240600,100,40:28.9,5.904264136,90,2240100,2236700,2241400,2238800,3400,2600,2289.801515,1343
261,29353724,40:28.1,-1,2240400,100,40:28.9,0.760380133,61,2240100,2236700,2240400,2236700,3400,3700,2285.369273,1346
262,29353724,40:28.1,-1,2240400,100,40:28.9,0.783403624,39,2240100,2236700,2240600,2238800,3400,1800,2285.369273,1346
263,29366093,40:28.9,1,2240100,19,40:28.9,0.000119714,19,2240400,2240100,2240400,2236700,300,3700,2276.486768,1347
264,29423206,40:31.6,-1,2242500,50,40:56.1,24.47252799,50,2241400,2237500,2243000,2238900,3900,4100,2254.657868,1368
265,29426472,40:31.9,-1,2241100,100,40:47.4,15.5091485,33,2241100,2237500,2241100,2237500,3600,3600,2254.657868,1370
266,29426472,40:31.9,-1,2241100,100,40:47.4,15.51016944,67,2241100,2237500,2241200,2237500,3600,3700,2254.657868,1370
267,29586814,40:43.7,-1,2241200,100,40:47.4,3.750724236,33,2241100,2237500,2241200,2237500,3600,3700,2254.657868,1377
268,29639018,40:46.6,-1,2241000,100,40:47.4,0.855938633,33,2241000,2237500,2241000,2237500,3500,3500,2254.657868,1379
269,29639018,40:46.6,-1,2241000,100,40:47.4,0.85642846,67,2241000,2237500,2241100,2237500,3500,3600,2254.657868,1379
270,29742099,40:48.6,-1,2241500,17,40:48.6,9.40E-05,1,2241500,2241100,2241500,2241100,400,400,2228.168425,1411
271,29742099,40:48.6,-1,2241500,17,40:52.4,3.873478508,16,2241500,2241100,2241700,2240900,400,800,2228.168425,1411
272,29776872,40:50.1,-1,2241700,100,40:55.8,5.678238748,100,2241500,2240900,2242500,2238600,600,3900,2224.9225,1415
273,29827095,40:52.5,1,2240900,33,40:52.5,1.00E-04,33,2241700,2240900,2241700,2238600,800,3100,2221.689232,1423
274,29877071,40:55.6,-1,2241600,200,40:55.8,0.141324702,200,2241600,2238600,2241600,2238600,3000,3000,2217.731265,1433
275,29879335,40:55.7,-1,2241600,100,40:55.8,0.027804269,100,2241600,2238600,2241700,2238600,3000,3100,2217.731265,1434
276,29884188,40:56.0,-1,2242400,100,40:56.1,0.023313162,100,2242400,2239100,2242500,2239100,3300,3400,2208.890162,1450
277,29884526,40:56.1,-1,2242400,100,40:56.1,0.025021795,100,2242400,2239100,2242500,2239100,3300,3400,2207.906644,1452
278,29888132,40:56.3,-1,2243000,100,40:56.3,0.049948927,100,2243000,2238900,2243500,2238900,4100,4600,2206.214609,1457
279,29888461,40:56.3,-1,2242300,100,40:56.3,0.000113238,20,2242300,2238900,2242300,2238900,3400,3400,2206.214609,1459
280,29888461,40:56.3,-1,2242300,100,40:56.3,0.007695731,80,2242300,2238900,2243000,2238900,3400,4100,2206.214609,1459
281,29890117,40:56.4,-1,2244300,100,40:56.4,0.001870833,100,2244300,2239700,2244300,2239700,4600,4600,2204.613376,1470
282,29890122,40:56.4,-1,2244300,100,40:56.5,0.085856933,100,2244300,2239700,2244300,2239700,4600,4600,2204.613376,1471
283,29890902,40:56.5,-1,2244300,100,40:56.5,0.026227783,100,2244300,2239700,2244400,2239700,4600,4700,2212.201756,1474
284,29892445,40:56.6,-1,2244400,100,40:56.6,0.020966238,100,2244400,2239700,2244500,2239700,4700,4800,2226.899562,1481
285,29893743,40:56.6,-1,2244200,100,40:56.6,9.26E-05,100,2244200,2239700,2244500,2239700,4500,4800,2234.614056,1482
286,30260897,41:16.4,1,2242300,100,41:28.5,12.08113151,100,2244000,2242300,2243100,2240000,1700,3100,2240.999847,1541
287,30359025,41:24.8,1,2242400,200,41:26.0,1.234450304,186,2243500,2242400,2243200,2242400,1100,800,2240.999847,1576
288,30359025,41:24.8,1,2242400,200,41:26.0,1.234525594,14,2243500,2242400,2243200,2242300,1100,900,2240.999847,1576
289,30361835,41:25.1,1,2242500,100,41:26.0,0.937208365,100,2243500,2242600,2243500,2242500,900,1000,2240.999847,1579
290,30361972,41:25.1,1,2242500,4,41:26.0,0.934495329,4,2243500,2242600,2243500,2242500,900,1000,2240.999847,1580
291,30369493,41:25.2,1,2242500,10,41:26.0,0.804153511,10,2243500,2242500,2243500,2242400,1000,1100,2240.999847,1584
292,30377900,41:26.0,1,2242400,100,41:26.1,0.096052237,100,2243000,2242400,2243000,2242300,600,700,2234.943034,1587
293,30661910,41:39.8,-1,2241300,1,41:39.8,0.000108306,1,2241300,2239200,2241400,2239200,2100,2200,2231.84535,1676
294,30661949,41:39.8,-1,2241200,1,41:39.8,0.000117654,1,2241200,2239200,2242400,2239200,2000,3200,2228.364316,1677
295,30862067,41:53.7,-1,2240700,1,41:53.7,9.55E-05,1,2240700,2238800,2240800,2238800,1900,2000,2224.80486,1751
296,30862071,41:53.7,-1,2240600,2,41:53.7,1.17E-06,1,2240600,2238800,2240600,2238800,1800,1800,2221.021267,1752
297,30862071,41:53.7,-1,2240600,2,41:53.7,8.83E-05,1,2240600,2238800,2242100,2238800,1800,3300,2221.021267,1752
298,31399907,42:21.2,1,2237400,140,42:21.7,0.502559498,100,2238400,2237400,2238200,2237400,1000,800,2213.506888,1957
299,31399907,42:21.2,1,2237400,140,42:21.7,0.502674856,40,2238400,2237400,2238200,2237400,1000,800,2213.506888,1957
300,31400027,42:21.2,1,2237400,100,42:21.7,0.500016084,60,2238400,2237400,2238200,2237400,1000,800,2213.506888,1963
301,31400027,42:21.2,1,2237400,100,42:21.8,0.624065589,40,2238400,2237400,2238000,2236000,1000,2000,2213.506888,1963
302,31422087,42:21.9,-1,2237700,200,42:32.3,10.48132657,200,2237700,2236000,2238200,2236000,1700,2200,2229.772559,1980
303,31462516,42:23.8,-1,2237400,100,42:32.3,8.586448128,100,2237400,2236000,2237400,2236000,1400,1400,2229.772559,1990
304,31486027,42:25.5,-1,2236900,4,42:25.9,0.397694054,4,2236900,2236000,2237400,2236000,900,1400,2229.772559,1999
305,31486478,42:25.5,-1,2236900,10,42:25.9,0.389237524,10,2236900,2236000,2236900,2236000,900,900,2229.772559,2004
306,31523574,42:27.7,-1,2238200,100,42:32.3,4.685585268,100,2237400,2236000,2239100,2236000,1400,3100,2242.450335,2009
307,31538742,42:28.2,-1,2237400,100,42:32.3,4.093192428,96,2237400,2236000,2237400,2236000,1400,1400,2242.450335,2013
308,31538742,42:28.2,-1,2237400,100,42:32.3,4.093201686,4,2237400,2236000,2237700,2236000,1400,1700,2242.450335,2013
309,31557736,42:29.2,-1,2237300,2,42:29.2,0.000155452,2,2237300,2236000,2237400,2236000,1300,1400,2242.450335,2014
310,31558469,42:29.2,-1,2237300,1,42:29.2,9.71E-05,1,2237300,2236000,2237400,2236000,1300,1400,2246.572301,2015
311,31560825,42:29.2,-1,2237300,4,42:32.3,3.14974514,4,2237300,2236000,2237400,2236000,1300,1400,2250.608542,2017
312,31758692,42:41.9,-1,2239900,100,42:41.9,0.001012722,100,2239900,2237300,2241200,2237300,2600,3900,2266.588267,2108
313,32004540,42:53.3,1,2238600,100,43:27.2,33.91896718,2,2240000,2238600,2239800,2238600,1400,1200,2263.18565,2210
314,32004540,42:53.3,1,2238600,100,43:27.2,33.91905623,98,2240000,2238600,2239800,2238600,1400,1200,2263.18565,2210
315,32175697,43:02.9,1,2237800,100,43:31.2,28.31210728,100,2239900,2238600,2238600,2237800,1300,800,2263.18565,2231
316,32552429,43:26.0,1,2238600,100,43:27.2,1.175120053,100,2239600,2238600,2239800,2237800,1000,2000,2263.18565,2273
317,32612597,43:27.3,1,2237800,100,43:31.2,3.882130032,100,2238700,2237800,2238600,2236000,900,2600,2259.804302,2301
318,32886579,43:38.1,-1,2238300,100,43:45.4,7.310305078,67,2238300,2236000,2238300,2237100,2300,1200,2262.552799,2362
319,32886579,43:38.1,-1,2238300,100,43:45.4,7.315519436,33,2238300,2236000,2239600,2237100,2300,2500,2262.552799,2362
320,32886584,43:38.1,-1,2238200,1,43:44.1,5.973863512,1,2238200,2236000,2238300,2237100,2200,1200,2262.552799,2364
321,33490587,44:13.4,-1,2237300,200,44:13.4,0.000379532,200,2237300,2236300,2239300,2236300,1000,3000,2261.737824,2634
322,33681960,44:27.0,1,2237100,100,44:29.6,2.583164148,100,2238400,2237100,2237700,2236000,1300,1700,2264.948929,2761
323,33697755,44:28.6,-1,2237700,100,44:44.1,15.50283285,100,2237700,2237100,2239200,2236000,600,3200,2264.948929,2766
324,33741791,44:30.5,-1,2237100,9,44:32.3,1.839170716,9,2237100,2236000,2237600,2236000,1100,1600,2268.975437,2778
325,33793939,44:33.2,-1,2237500,100,44:41.2,8.025839117,100,2237500,2236000,2237700,2236000,1500,1700,2272.923234,2781
326,33864812,44:41.3,-1,2237500,9,44:43.7,2.402254954,9,2237500,2236000,2237700,2236000,1500,1700,2275.112447,2786
327,33898768,44:44.1,-1,2237700,100,44:44.1,0.000101506,100,2237700,2236000,2239200,2236000,1700,3200,2278.590948,2789
328,34148448,45:01.9,-1,2237700,9,45:25.4,23.57485565,9,2237700,2236500,2238700,2236500,1200,2200,2416.369587,2832
329,34204826,45:05.5,-1,2237600,100,45:11.4,5.888020281,100,2237600,2236500,2237700,2236500,1100,1200,2416.369587,2807
330,34501307,45:24.5,-1,2238700,29,48:44.3,199.7441783,29,2237700,2236500,2239000,2237500,1200,1500,2467.498323,2777
331,34514451,45:25.5,-1,2237800,9,45:27.3,1.71851255,9,2237800,2236500,2238700,2236600,1300,2100,2468.385593,2786
332,34525513,45:25.7,1,2236600,100,45:36.0,10.23222856,100,2237800,2236600,2238300,2236600,1200,1700,2468.385593,2791
333,34553336,45:28.0,1,2236600,100,45:36.0,7.983395513,100,2238700,2236600,2238300,2236600,2100,1700,2468.832584,2806
334,34651479,45:34.9,1,2236700,100,45:35.1,0.156170116,1,2238300,2236700,2238300,2236700,1600,1600,2473.036232,2803
335,34651494,45:34.9,1,2236600,100,45:36.0,1.038643407,100,2238300,2236700,2238300,2236600,1600,1700,2473.036232,2804
336,34669031,45:36.0,1,2236600,99,45:36.0,0.02884131,99,2238300,2236600,2238300,2236000,1700,2300,2478.428515,2809
337,34669956,45:36.0,-1,2236500,900,45:40.8,4.812509497,100,2236500,2236000,2236500,2236000,500,500,2500.907464,2820
338,34669956,45:36.0,-1,2236500,900,45:40.8,4.812619242,149,2236500,2236000,2236500,2236000,500,500,2500.907464,2820
339,34669956,45:36.0,-1,2236500,900,45:40.9,4.847247999,300,2236500,2236000,2236500,2236000,500,500,2500.907464,2820
340,34669956,45:36.0,-1,2236500,900,45:40.9,4.84734522,351,2236500,2236000,2238400,2236000,500,2400,2500.907464,2820
341,34702268,45:38.9,-1,2235800,100,45:40.2,1.229393002,100,2235800,2235000,2236500,2235000,800,1500,2509.685514,2832
342,34730213,45:40.5,1,2236000,100,45:51.6,11.11816279,100,2236500,2236000,2237300,2234900,500,2400,2522.225385,2835
343,34971444,45:49.9,1,2236200,100,45:51.6,1.677367031,100,2238000,2236200,2237300,2236000,1800,1300,2557.149698,2908
344,35153871,45:56.0,1,2236900,100,45:56.0,0.000122984,100,2237200,2236900,2237200,2235100,300,2100,2570.657999,2899
345,35313365,46:05.9,-1,2236600,100,46:06.6,0.628701945,100,2236600,2235500,2236600,2235500,1100,1100,2573.056169,2918
346,35313367,46:05.9,-1,2236500,1,46:06.5,0.592227373,1,2236500,2235500,2236600,2235500,1000,1100,2573.056169,2919
347,35313436,46:06.0,-1,2236700,1300,46:24.1,18.09695863,100,2236500,2235500,2236700,2235500,1000,1200,2573.056169,2921
348,35525051,46:24.0,-1,2237200,9,46:26.3,2.295996208,9,2236700,2235500,2237400,2235500,1200,1900,2607.374242,2926
349,35526224,46:24.1,-1,2237400,1300,47:27.6,63.54365824,431,2236700,2235500,2237400,2236600,1200,800,2610.436667,2928
350,35904980,46:49.6,1,2236100,300,47:14.2,24.65142099,193,2237400,2236100,2236300,2236100,1300,200,2640.807156,2969
351,35904980,46:49.6,1,2236100,300,47:14.2,24.65149559,107,2237400,2236100,2236300,2235500,1300,800,2640.807156,2969
352,36048714,47:01.6,-1,2238100,1000,47:37.1,35.46986972,80,2237300,2236600,2238100,2236600,700,1500,2604.262963,2940
353,36048714,47:01.6,-1,2238100,1000,47:37.1,35.46987428,200,2237300,2236600,2238100,2236600,700,1500,2604.262963,2940
354,36048714,47:01.6,-1,2238100,1000,47:37.1,35.4703495,200,2237300,2236600,2238100,2236600,700,1500,2604.262963,2940
355,36048714,47:01.6,-1,2238100,1000,47:37.1,35.49080596,200,2237300,2236600,2238100,2236600,700,1500,2604.262963,2940
356,36048714,47:01.6,-1,2238100,1000,47:37.1,35.49089252,320,2237300,2236600,2238100,2236600,700,1500,2604.262963,2940
357,36059835,47:02.7,-1,2237300,16,47:27.6,24.86507647,16,2237300,2236600,2237400,2236600,700,800,2599.085925,2941
358,36205078,47:14.2,-1,2236400,305,47:15.9,1.667376088,288,2236400,2236100,2236400,2236100,300,300,2610.496089,2943
359,36205078,47:14.2,-1,2236400,305,47:15.9,1.667456342,17,2236400,2236100,2236400,2236100,300,300,2610.496089,2943
360,36205082,47:14.2,-1,2236300,3,47:15.9,1.667231399,3,2236300,2236100,2236300,2236100,200,200,2610.496089,2944
361,36205521,47:14.3,-1,2236300,9,47:15.9,1.601563284,9,2236300,2236100,2236400,2236100,200,300,2626.206031,2949
362,36205530,47:14.3,-1,2236400,10,47:15.9,1.600144575,10,2236300,2236100,2237300,2236100,200,1200,2626.206031,2950
363,36228547,47:16.4,1,2236500,100,47:17.3,0.905173089,7,2237300,2236500,2237300,2236500,800,800,2666.468582,2946
364,36261972,47:19.8,-1,2237100,59,47:20.9,1.0529801,59,2237100,2236600,2237300,2236600,500,700,2676.715242,2944
365,36365599,47:27.6,-1,2237500,6,47:32.0,4.321573696,6,2237500,2236600,2237700,2236600,900,1100,2693.669772,2950
366,36405428,47:32.0,1,2237500,94,47:34.9,2.884462702,94,2237900,2237500,2238100,2236600,400,1500,2698.177121,2950
367,36424516,47:34.9,-1,2238000,100,47:37.0,2.099145897,100,2238000,2236600,2238100,2236600,1400,1500,2697.377884,2955
368,36441425,47:35.9,-1,2238100,100,47:37.1,1.231558832,72,2238000,2236600,2238100,2236600,1400,1500,2697.377884,2967
369,36770435,48:06.5,-1,2238100,3,48:16.0,9.449178541,3,2238100,2236600,2238500,2236600,1500,1900,2694.011478,3019
370,36814418,48:08.3,-1,2238500,100,48:43.4,35.08491169,100,2238100,2236600,2238500,2237500,1500,1000,2694.011478,3029
371,36976091,48:18.4,-1,2238300,100,48:20.5,2.027312155,43,2238300,2236600,2238300,2236600,1700,1700,2712.678037,3034
372,36976091,48:18.4,-1,2238300,100,48:21.8,3.418684529,50,2238300,2236600,2238300,2236600,1700,1700,2712.678037,3034
373,36976091,48:18.4,-1,2238300,100,48:24.6,6.219925792,7,2238300,2236600,2238400,2236600,1700,1800,2712.678037,3034
374,37123300,48:29.2,-1,2238500,28,48:43.4,14.19585558,28,2238500,2237400,2238500,2237500,1100,1000,2707.555357,3058
375,37168710,48:33.9,-1,2238500,100,48:43.4,9.450947222,72,2238500,2237500,2238500,2237500,1000,1000,2707.555357,3064
376,37168710,48:33.9,-1,2238500,100,48:43.4,9.451706562,28,2238500,2237500,2238700,2237500,1000,1200,2707.555357,3064
377,37289834,48:44.4,-1,2239700,9,48:48.9,4.455722293,7,2239700,2237500,2239700,2238100,2200,1600,2694.772392,3070
378,37289834,48:44.4,-1,2239700,9,48:48.9,4.455798594,2,2239700,2237500,2240300,2238100,2200,2200,2694.772392,3070
379,37354091,48:49.5,1,2239600,100,49:06.3,16.78662198,100,2240300,2239600,2240800,2239600,700,1200,2683.355685,3090
380,37407271,48:53.8,1,2239600,100,49:06.3,12.50110787,100,2240500,2239600,2240800,2239600,900,1200,2704.744311,3093
381,37450628,48:56.0,-1,2241300,1300,52:32.9,216.9882217,65,2240600,2239600,2241300,2239800,1000,1500,2704.744311,3101
382,37637875,49:06.3,1,2239600,43,49:06.3,0.000108302,43,2240800,2239600,2240800,2238100,1200,2700,2713.069944,3117
383,37926808,49:23.6,-1,2238600,9,49:23.6,0.000119417,9,2238600,2237400,2239200,2237400,1200,1800,2518.357441,3141
384,37953214,49:26.7,-1,2238600,9,49:26.7,9.79E-05,9,2238600,2237400,2239200,2237400,1200,1800,2513.859837,3145
385,37953231,49:26.7,-1,2239100,9,49:33.8,7.16411772,9,2239100,2237400,2239500,2237400,1700,2100,2509.383082,3146
386,38150384,49:35.8,-1,2239200,100,49:39.9,4.04574023,100,2239200,2237400,2240200,2237400,1800,2800,2225.749689,3172
387,38444803,49:56.9,-1,2239500,200,49:57.7,0.839937889,100,2239500,2237400,2239500,2237400,2100,2100,2003.436478,3128
388,38463083,49:57.8,-1,2240500,100,50:06.3,8.51624504,2,2240100,2237400,2240500,2238500,2700,2000,1998.505229,3140
389,38675835,50:08.8,-1,2240000,100,52:18.2,129.4586474,100,2240000,2238300,2240100,2238400,1700,1700,1996.637256,3164
390,38960264,50:32.4,-1,2238100,400,50:32.4,0.02607438,400,2238100,2237600,2239500,2237400,500,2100,2028.051478,3193
391,38960266,50:32.4,-1,2238100,17,50:32.4,0.025952011,17,2238100,2237600,2238100,2237400,500,700,2028.051478,3194
392,38960664,50:32.4,-1,2238100,100,50:32.4,0.001986118,100,2238100,2237400,2239500,2237400,700,2100,2021.412073,3205
393,38961463,50:32.5,-1,2238400,100,50:33.2,0.745223739,100,2238400,2237400,2239500,2238100,1000,1400,2018.105383,3209
394,39079741,50:39.8,-1,2240100,4,52:18.9,99.10240034,1,2239800,2238100,2240100,2238500,1700,1600,2022.938818,3210
395,39079741,50:39.8,-1,2240100,4,52:20.0,100.1330732,3,2239800,2238100,2240400,2238700,1700,1700,2022.938818,3210
396,39255272,50:49.5,1,2238600,100,51:00.1,10.59019679,14,2239800,2238600,2239400,2238600,1200,800,2022.938818,3212
397,39255272,50:49.5,1,2238600,100,51:00.1,10.59022639,86,2239800,2238600,2239400,2237700,1200,1700,2022.938818,3212
398,39317628,50:53.1,-1,2239600,100,50:53.8,0.679935882,7,2239600,2238600,2239600,2238600,1000,1000,2027.624731,3217
399,39317628,50:53.1,-1,2239600,100,50:53.8,0.680102873,7,2239600,2238600,2239600,2238600,1000,1000,2027.624731,3217
400,39317628,50:53.1,-1,2239600,100,50:57.1,3.984762766,86,2239600,2238600,2239800,2238600,1000,1200,2027.624731,3217
401,39368236,50:57.1,1,2239600,14,50:57.1,0.000114517,14,2239800,2239600,2239800,2238600,200,1200,2022.326249,3215
402,39372988,50:57.2,-1,2239000,100,50:57.2,0.000101315,100,2239000,2238600,2239800,2238600,400,1200,2012.040457,3220
403,39630909,51:18.7,-1,2238800,100,51:25.3,6.54181398,100,2238800,2237400,2239600,2237400,1400,2200,2015.310053,3251
404,39697832,51:22.7,-1,2238300,100,51:25.3,2.55455553,100,2238300,2237400,2238800,2237400,900,1400,2015.310053,3252
405,39740140,51:25.3,-1,2238300,100,51:25.3,0.0001206,100,2238300,2237400,2239600,2237400,900,2200,2016.011147,3247
406,39742965,51:25.3,-1,2238700,100,51:25.3,0.000477041,2,2238700,2237600,2238700,2237600,1100,1100,2012.050864,3254
407,39742965,51:25.3,-1,2238700,100,51:25.3,0.001085215,98,2238700,2237600,2239700,2237600,1100,2100,2012.050864,3254
408,39746851,51:25.3,-1,2238700,100,51:25.3,0.000767222,88,2238700,2237600,2238700,2237600,1100,1100,2002.588988,3257
409,39746851,51:25.3,-1,2238700,100,51:25.3,0.001094316,12,2238700,2237600,2239700,2237600,1100,2100,2002.588988,3257
410,39815279,51:27.7,1,2237800,4,51:27.8,0.105171932,2,2240000,2237800,2239600,2237800,2200,1800,1994.06975,3284
411,39815279,51:27.7,1,2237800,4,51:27.8,0.106987251,1,2240000,2237800,2239600,2237800,2200,1800,1994.06975,3284
412,39914065,51:35.2,-1,2239600,100,51:59.4,24.27924562,100,2239600,2237800,2240000,2238100,1800,1900,1989.210798,3298
413,40148548,51:52.5,-1,2239100,100,51:54.7,2.20994618,99,2239100,2238000,2239100,2238000,1100,1100,1991.135913,3304
414,40168052,51:54.7,-1,2239100,100,51:56.1,1.395865161,100,2239100,2238000,2239600,2238000,1100,1600,1991.135913,3306
415,40495428,52:20.1,-1,2241000,100,52:29.4,9.33147573,100,2240700,2238500,2241100,2239800,2200,1300,1973.642254,3349
416,40508148,52:21.8,-1,2241300,2,52:33.0,11.1206558,2,2240700,2238500,2241800,2239800,2200,2000,1969.550789,3346
417,40508745,52:21.9,-1,2241800,16,52:33.0,11.08417918,16,2241000,2239800,2241800,2239800,1200,2000,1969.550789,3351
418,40532472,52:25.1,-1,2240900,100,52:29.4,4.359717263,100,2240900,2239800,2241000,2239800,1100,1200,1969.550789,3355
419,40581088,52:29.4,-1,2241100,100,52:32.9,3.453813074,7,2241100,2239800,2241100,2239800,1300,1300,1967.396222,3368
420,40581088,52:29.4,-1,2241100,100,52:32.9,3.511761832,93,2241100,2239800,2241100,2239800,1300,1300,1967.396222,3368
421,40583483,52:29.8,-1,2241100,100,52:32.9,3.129307644,100,2241100,2239800,2241300,2239800,1300,1500,1967.396222,3375
422,40613011,52:33.0,-1,2241800,1300,52:33.0,0.06525628,173,2241300,2239800,2241800,2239800,1500,2000,1966.40219,3375
423,40746697,52:42.5,-1,2242400,100,52:47.6,5.081688241,100,2242400,2241100,2242400,2241200,1300,1200,1988.177984,3444
424,40750522,52:42.9,-1,2242400,100,52:47.6,4.626283286,100,2242400,2241100,2242500,2241200,1300,1300,1988.177984,3446
425,40758612,52:43.8,-1,2242900,2,52:48.0,4.158353422,2,2242400,2241200,2243000,2241300,1200,1700,1988.177984,3450
426,40810136,52:47.1,-1,2242600,100,52:47.6,0.44744155,100,2242400,2241200,2242900,2241200,1200,1700,1981.313646,3446
427,40920920,52:50.5,-1,2243300,100,52:50.5,0.001002225,100,2243300,2241200,2243400,2241200,2100,2200,2016.245656,3485
428,40926723,52:50.9,-1,2244200,100,52:57.2,6.3121994,100,2244200,2241500,2244200,2243200,2700,1000,2030.66771,3517
429,40984134,52:54.0,1,2243200,100,53:22.7,28.73381495,100,2244200,2243200,2244100,2242900,1000,1200,2030.66771,3536
430,41024672,52:56.2,-1,2244200,100,52:57.2,1.038141666,100,2244200,2243200,2245000,2243200,1000,1800,2030.66771,3549
431,41117013,53:00.6,-1,2245000,100,53:11.0,10.48922637,100,2245000,2243600,2245100,2244000,1400,1100,2076.869011,3569
432,41263735,53:11.0,-1,2244900,100,53:11.0,0.002587073,100,2244900,2244000,2245000,2244000,900,1000,2091.449199,3573
433,41295308,53:13.8,1,2244300,100,53:21.9,8.125897193,100,2245000,2244300,2245000,2243200,700,1800,2154.06615,3581
434,41381916,53:22.0,-1,2244100,100,53:34.3,12.33248944,93,2244100,2243200,2244100,2242900,900,1200,2195.27811,3598
435,41381916,53:22.0,-1,2244100,100,53:34.3,12.33254928,7,2244100,2243200,2244100,2242900,900,1200,2195.27811,3598
436,41385048,53:22.1,-1,2244100,100,53:34.3,12.25604623,100,2244100,2243200,2244900,2242900,900,2000,2195.27811,3600
437,41415896,53:23.3,1,2243200,100,53:24.7,1.395224272,90,2244000,2243200,2243900,2243200,800,700,2206.129586,3602
438,41415896,53:23.3,1,2243200,100,53:26.5,3.252782107,10,2244000,2243200,2243900,2242900,800,1000,2206.129586,3602
439,41426239,53:24.5,-1,2243900,100,53:34.3,9.851583261,100,2243900,2243200,2243900,2242900,700,1000,2206.129586,3601
440,41519164,53:28.9,-1,2243900,100,53:34.3,5.452208872,100,2243900,2242900,2244000,2242900,1000,1100,2242.188756,3621
441,41564968,53:32.8,-1,2244000,7,53:34.3,1.570333532,7,2243900,2242900,2244100,2242900,1000,1200,2266.726892,3615
442,41589681,53:34.4,-1,2244600,100,53:46.4,12.01791175,100,2244600,2242900,2244600,2242900,1700,1700,2363.520626,3636
443,41624272,53:36.5,-1,2244800,16,53:46.4,9.885355191,16,2244600,2242900,2245200,2242900,1700,2300,2369.441959,3642
444,41731080,53:46.0,-1,2244600,100,53:46.4,0.373661402,100,2244600,2242900,2244600,2242900,1700,1700,2387.125113,3634
445,41733057,53:46.2,-1,2244600,100,53:46.4,0.200455542,100,2244600,2242900,2244700,2242900,1700,1800,2387.125113,3635
446,41743086,53:46.5,-1,2245100,100,54:07.5,21.0136935,25,2245100,2243200,2245100,2244900,1900,200,2466.616306,3659
447,41743086,53:46.5,-1,2245100,100,54:07.5,21.01503945,25,2245100,2243200,2245100,2244900,1900,200,2466.616306,3659
448,41743086,53:46.5,-1,2245100,100,54:07.5,21.01641329,50,2245100,2243200,2245500,2244900,1900,600,2466.616306,3659
449,41767111,53:48.4,-1,2244500,25,53:48.4,0.0001111,25,2244500,2243100,2245100,2243100,1400,2000,2466.616306,3686
450,41878375,53:58.6,-1,2245000,100,54:07.5,8.896805584,100,2245000,2243000,2245000,2244200,2000,800,2483.523288,3724
451,41878589,53:58.6,-1,2245000,100,54:07.5,8.89111086,100,2245000,2243000,2245100,2244200,2000,900,2483.523288,3726
452,41969623,54:07.5,-1,2245500,100,54:08.1,0.573992096,18,2245500,2244900,2245500,2244900,600,600,2586.906094,3733
453,41969623,54:07.5,-1,2245500,100,54:08.1,0.576246936,82,2245500,2244900,2245500,2244900,600,600,2586.906094,3733
454,41970547,54:07.6,-1,2245500,100,54:08.1,0.489720231,18,2245500,2244900,2245500,2244900,600,600,2586.906094,3734
455,41970547,54:07.6,-1,2245500,100,54:08.1,0.492233673,82,2245500,2244900,2245500,2244900,600,600,2586.906094,3734
456,41975486,54:08.1,-1,2245500,100,54:08.1,0.001189109,18,2245500,2244900,2245500,2244900,600,600,2654.583142,3739
457,41975486,54:08.1,-1,2245500,100,54:09.9,1.747337604,82,2245500,2244900,2246000,2244200,600,1800,2654.583142,3739
458,42002430,54:10.0,1,2244200,100,54:20.0,10.07458912,100,2246000,2244300,2245900,2243800,1700,2100,2716.417329,3752
459,42042699,54:12.7,1,2246700,100,54:12.7,0.00010573,12,2246900,2246700,2246900,2246700,200,200,2716.417329,3779
460,42042699,54:12.7,1,2246700,100,54:12.7,0.000120173,88,2246900,2246700,2246900,2246700,200,200,2716.417329,3779
461,42042701,54:12.7,1,2246700,100,54:12.7,3.05E-05,12,2246900,2246700,2246900,2246700,200,200,2716.417329,3780
462,42042708,54:12.7,-1,2246700,100,54:12.7,0.000161009,100,2246700,2244800,2246900,2244900,1900,2000,2809.059207,3781
463,42042751,54:12.7,1,2246700,100,54:12.7,0.000112329,100,2246900,2246700,2246900,2246700,200,200,2838.046189,3788
464,42042782,54:12.7,1,2246700,100,54:12.7,0.000101408,100,2246900,2246700,2246900,2245100,200,1800,2866.156512,3794
465,42042869,54:12.7,-1,2246900,100,54:12.9,0.228567643,100,2246900,2244900,2247000,2244900,2000,2100,2893.42803,3802
466,42067312,54:13.0,1,2245400,100,54:20.0,6.969327559,100,2246900,2245400,2246800,2244300,1500,2500,2921.950526,3825
467,42126873,54:17.5,1,2245900,100,54:20.0,2.497834388,100,2246900,2245900,2246900,2245400,1000,1500,2921.950526,3824
468,42179189,54:21.1,1,2242300,100,54:26.0,4.923105471,2,2243300,2243000,2243100,2242300,300,800,2965.068086,3885
469,42179189,54:21.1,1,2242300,100,54:26.0,4.925295945,2,2243300,2243000,2243100,2242300,300,800,2965.068086,3885
470,42224924,54:26.4,-1,2243300,95,54:39.6,13.21383336,20,2243300,2242300,2243300,2242300,1000,1000,2963.820474,3876
471,42238843,54:27.8,-1,2243600,200,54:42.2,14.40942242,125,2243300,2242300,2243600,2241800,1000,1800,2973.794637,3871
472,42238843,54:27.8,-1,2243600,200,54:42.2,14.41012103,75,2243300,2242300,2243600,2241800,1000,1800,2973.794637,3871
473,42351902,54:40.4,-1,2243600,100,54:42.2,1.808760237,25,2243200,2241800,2243600,2241800,1400,1800,2976.970005,3867
474,42351902,54:40.4,-1,2243600,100,54:42.2,1.810746304,75,2243200,2241800,2243900,2241800,1400,2100,2976.970005,3867
475,42352772,54:40.4,-1,2243200,75,54:42.2,1.794238614,75,2243200,2241800,2243600,2241800,1400,1800,2976.970005,3869
476,42352781,54:40.4,-1,2243100,2,54:41.3,0.924537509,2,2243100,2241800,2243200,2241800,1300,1400,2976.970005,3870
477,42367377,54:41.5,-1,2243900,100,54:42.2,0.717753862,25,2243200,2241800,2243900,2241800,1400,2100,2976.150568,3872
478,42367377,54:41.5,-1,2243900,100,54:42.2,0.722777686,75,2243200,2241800,2244200,2243400,1400,800,2976.150568,3872
479,42395405,54:42.2,-1,2244400,100,54:42.2,0.001518126,100,2244400,2243400,2244700,2243400,1000,1300,2985.547256,3899
480,42410025,54:42.3,-1,2244500,100,54:42.7,0.442640909,100,2244500,2243400,2245000,2243400,1100,1600,2990.569963,3909
481,42568823,54:52.8,-1,2244400,150,57:34.8,161.9475785,30,2244100,2242200,2244400,2243700,1900,700,2996.02118,4013
482,42568823,54:52.8,-1,2244400,150,57:34.8,161.9508028,100,2244100,2242200,2244400,2243700,1900,700,2996.02118,4013
483,42568823,54:52.8,-1,2244400,150,57:34.8,161.951359,20,2244100,2242200,2244500,2243700,1900,800,2996.02118,4013
484,42576043,54:53.7,1,2242500,100,54:59.0,5.312985396,6,2244100,2242500,2243800,2242500,1600,1300,2996.02118,4014
485,42576043,54:53.7,1,2242500,100,54:59.1,5.403310786,75,2244100,2242500,2243800,2242500,1600,1300,2996.02118,4014
486,42576043,54:53.7,1,2242500,100,54:59.1,5.403659107,19,2244100,2242500,2243800,2241900,1600,1900,2996.02118,4014
487,42655612,54:59.2,-1,2243800,100,55:08.1,8.944922234,100,2243300,2241400,2244100,2241800,1900,2300,2985.602876,4057
488,42681048,54:59.6,-1,2243500,19,55:08.1,8.502069548,19,2242900,2241400,2243800,2241500,1500,2300,2985.602876,4071
489,42686894,54:59.8,-1,2243200,3,55:08.1,8.239867751,3,2243200,2241400,2243400,2241300,1800,2100,2985.602876,4078
490,42749450,55:05.1,-1,2243400,18,55:08.1,2.988620797,1,2243100,2241200,2243400,2241400,1900,2000,2985.602876,4081
491,42749450,55:05.1,-1,2243400,18,55:08.1,2.98869161,2,2243100,2241200,2243400,2241400,1900,2000,2985.602876,4081
492,42749450,55:05.1,-1,2243400,18,55:08.1,2.989082246,15,2243100,2241200,2243500,2241400,1900,2100,2985.602876,4081
493,42777308,55:07.9,-1,2242500,2,55:07.9,0.000343141,2,2242500,2241200,2243200,2241200,1300,2000,2985.602876,4094
494,42777327,55:07.9,-1,2242400,3,55:07.9,0.00010227,3,2242400,2241200,2242500,2241200,1200,1300,2985.602876,4095
495,42794827,55:08.1,-1,2244100,100,55:11.3,3.202652384,22,2244100,2241800,2244100,2242400,2300,1700,2976.999575,4121
496,43005603,55:23.8,-1,2243000,100,55:26.5,2.642454911,96,2243000,2241200,2243000,2241200,1800,1800,2991.370807,4191
497,43005603,55:23.8,-1,2243000,100,55:26.5,2.642587185,4,2243000,2241200,2243100,2241200,1800,1900,2991.370807,4191
498,43028221,55:25.6,-1,2242800,100,55:26.5,0.880360384,100,2242800,2241200,2243000,2241200,1600,1800,2997.454672,4194
499,43037528,55:26.5,-1,2243900,5,55:30.0,3.58057717,5,2243700,2241300,2243900,2241600,2400,2300,2990.08747,4200
500,43037529,55:26.5,-1,2243900,16,55:30.0,3.580557087,16,2243700,2241300,2243900,2241600,2400,2300,2990.08747,4201
501,43037532,55:26.5,-1,2243800,78,55:29.5,3.071441743,78,2243700,2241300,2243800,2241600,2400,2200,2990.08747,4203
502,43037547,55:26.5,-1,2243800,18,55:29.5,3.070745265,18,2243700,2241500,2243800,2241600,2200,2200,2990.08747,4210
503,43037963,55:26.5,-1,2243800,17,55:29.5,3.007892731,17,2243800,2241600,2243900,2241600,2200,2300,2990.08747,4220
504,43046167,55:27.4,-1,2243900,200,55:30.0,2.629581001,62,2243800,2241600,2243900,2241600,2200,2300,2990.08747,4223
505,43046167,55:27.4,-1,2243900,200,55:30.5,3.110141214,138,2243800,2241600,2243900,2241600,2200,2300,2990.08747,4223
506,43064451,55:29.5,-1,2243900,200,55:30.5,0.989065213,62,2243900,2241600,2243900,2241600,2300,2300,3035.371153,4207
507,43064451,55:29.5,-1,2243900,200,55:30.5,0.989165493,19,2243900,2241600,2243900,2241600,2300,2300,3035.371153,4207
508,43064451,55:29.5,-1,2243900,200,55:30.5,0.989168388,100,2243900,2241600,2243900,2241600,2300,2300,3035.371153,4207
509,43064458,55:29.5,-1,2243900,18,55:30.5,0.990813253,18,2243900,2241600,2243900,2241600,2300,2300,3035.371153,4208
510,43064466,55:29.5,-1,2243900,17,55:30.5,0.990296173,17,2243900,2241600,2243900,2241600,2300,2300,3035.371153,4209
511,43073730,55:30.5,-1,2243900,200,55:30.5,0.002149335,65,2243900,2241600,2243900,2241600,2300,2300,3039.798487,4208
512,43073730,55:30.5,-1,2243900,200,55:30.6,0.063701059,135,2243900,2241600,2244000,2241600,2300,2400,3039.798487,4208
513,43074592,55:30.6,-1,2243900,200,55:30.6,0.006448476,100,2243900,2241600,2243900,2241600,2300,2300,3041.029251,4215
514,43074592,55:30.6,-1,2243900,200,55:30.6,0.007818609,100,2243900,2241600,2244000,2243400,2300,600,3041.029251,4215
515,43074642,55:30.6,-1,2243900,200,55:31.3,0.730115316,100,2243900,2243400,2243900,2243400,500,500,3041.325813,4218
516,43074642,55:30.6,-1,2243900,200,56:55.6,84.95857927,100,2243900,2243400,2244000,2243700,500,300,3041.325813,4218
517,43095832,55:33.1,1,2243400,100,55:34.7,1.522201523,100,2243900,2243400,2243900,2243400,500,500,3041.398739,4216
518,43100505,55:33.7,1,2243400,100,55:34.7,1.003964274,100,2243900,2243400,2243900,2243400,500,500,3041.398739,4219
519,43101799,55:33.8,-1,2244500,2,57:34.8,120.9300632,2,2243900,2243400,2245200,2243700,500,1500,3041.398739,4220
520,43102762,55:34.0,1,2243400,100,55:34.7,0.677629732,100,2243900,2243400,2243900,2242000,500,1900,3041.398739,4221
521,43243303,55:49.5,-1,2244300,70,57:34.8,105.302172,70,2243900,2241900,2244400,2243700,2000,700,3083.951859,4272
522,43515941,56:06.8,1,2242400,100,56:32.1,25.28206222,100,2243800,2242400,2242900,2241300,1400,1600,3133.449302,4300
523,43574754,56:10.7,-1,2243500,100,56:15.9,5.192915712,100,2243500,2242400,2243500,2242700,1100,800,3133.449302,4303
524,43684535,56:15.7,1,2242700,100,56:17.0,1.308306482,100,2243500,2242700,2243400,2242400,800,1000,3133.449302,4331
525,43852164,56:21.6,-1,2242800,2,56:24.1,2.532311883,2,2242800,2242400,2243400,2242400,400,1000,3127.801535,4338
526,44234055,56:47.0,-1,2243400,400,56:54.6,7.61808995,100,2243400,2242200,2243400,2242100,1200,1300,3166.400001,4309
527,44234055,56:47.0,-1,2243400,400,56:54.7,7.648635561,300,2243400,2242200,2243400,2242100,1200,1300,3166.400001,4309
528,44273092,56:49.7,-1,2242900,100,56:54.6,4.887688237,100,2242900,2241400,2243200,2242100,1500,1100,3166.400001,4321
529,44273095,56:49.7,-1,2242800,1,56:54.6,4.880510741,1,2242800,2241400,2242900,2242100,1400,800,3166.400001,4322
530,44287455,56:51.1,-1,2243200,10,56:54.6,3.559278762,10,2242800,2241400,2243400,2242100,1400,1300,3166.400001,4324
531,44302105,56:52.6,-1,2243400,1,56:54.7,2.014439059,1,2242800,2241400,2243900,2242100,1400,1800,3166.400001,4322
532,44302914,56:52.7,1,2242100,100,57:09.8,17.02634836,100,2242800,2242100,2243900,2241200,700,2700,3166.400001,4323
533,44325651,56:54.6,-1,2243100,100,56:54.6,0.001352359,100,2243100,2242100,2243200,2242100,1000,1100,3179.716145,4283
534,44327074,56:54.6,-1,2243200,100,56:54.6,0.001210266,100,2243200,2242100,2243400,2242100,1100,1300,3173.70281,4284
535,44367990,56:55.6,1,2243500,500,56:56.1,0.560820145,500,2243900,2243500,2243900,2242200,400,1700,3164.240045,4293
536,44368007,56:55.6,1,2243700,100,56:55.9,0.308085914,100,2243900,2243700,2243900,2243700,200,200,3164.240045,4296
537,44368015,56:55.6,1,2243700,100,56:55.9,0.307702314,30,2243900,2243700,2243900,2243700,200,200,3164.240045,4297
538,44368016,56:55.6,1,2243700,100,56:56.1,0.559402544,100,2243900,2243700,2243900,2243700,200,200,3164.240045,4298
539,44368037,56:55.6,1,2243700,100,56:56.1,0.558691305,100,2243900,2243700,2243900,2243700,200,200,3164.240045,4300
540,44368046,56:55.6,1,2243700,100,56:56.1,0.558220815,100,2243900,2243700,2243900,2243500,200,400,3164.240045,4302
541,44368089,56:55.6,-1,2243900,200,56:55.6,0.000464394,100,2243900,2243700,2243900,2243700,200,200,3163.924995,4304
542,44368089,56:55.6,-1,2243900,200,56:55.6,0.00066242,100,2243900,2243700,2244000,2243700,200,300,3163.924995,4304
543,44368103,56:55.6,-1,2243900,200,56:55.6,0.001332687,100,2243900,2243700,2243900,2243700,200,200,3163.137473,4305
544,44368103,56:55.6,-1,2243900,200,56:55.6,0.001724428,100,2243900,2243700,2244000,2243700,200,300,3163.137473,4305
545,44368123,56:55.6,-1,2243900,200,57:31.4,35.82402397,200,2243900,2243700,2244000,2243300,200,700,3162.149,4306
546,44445675,57:02.5,1,2241200,100,00:00.4,177.9342024,100,2243900,2242100,2241600,2240600,1800,1000,3152.888121,4307
547,44549758,57:10.0,1,2242200,100,57:10.0,0.000122506,100,2243500,2242200,2243500,2242200,1300,1300,3147.273232,4351
548,44549761,57:10.0,1,2242200,100,57:10.0,9.01E-05,100,2243500,2242200,2243500,2241600,1300,1900,3147.273232,4352
549,44585780,57:12.4,-1,2243000,100,57:17.2,4.8109436,100,2243000,2241600,2243900,2242100,1400,1800,3136.441636,4312
550,44848826,57:28.1,1,2243300,200,59:06.1,97.92766771,1,2243900,2243300,2244400,2243300,600,1100,3114.813369,4234
551,44848826,57:28.1,1,2243300,200,59:09.3,101.1475996,2,2243900,2243300,2244400,2243300,600,1100,3114.813369,4234
552,44848826,57:28.1,1,2243300,200,59:09.3,101.1488673,2,2243900,2243300,2244400,2243300,600,1100,3114.813369,4234
553,44848826,57:28.1,1,2243300,200,59:09.3,101.1520406,2,2243900,2243300,2244400,2243300,600,1100,3114.813369,4234
554,44848826,57:28.1,1,2243300,200,59:09.3,101.1553891,2,2243900,2243300,2244400,2243300,600,1100,3114.813369,4234
555,44848826,57:28.1,1,2243300,200,59:11.0,102.9018147,176,2243900,2243300,2244400,2243300,600,1100,3114.813369,4234
556,44848826,57:28.1,1,2243300,200,59:11.0,102.9018328,15,2243900,2243300,2244400,2243300,600,1100,3114.813369,4234
557,44873447,57:30.8,1,2243300,100,59:11.0,100.2196241,85,2243900,2243300,2244400,2243300,600,1100,3108.719266,4235
558,44873447,57:30.8,1,2243300,100,59:11.0,100.2196688,15,2243900,2243300,2244400,2242500,600,1900,3108.719266,4235
559,44886877,57:31.4,-1,2243900,200,57:31.4,9.09E-05,200,2243900,2243300,2244000,2243300,600,700,3107.52155,4242
560,44886886,57:31.4,-1,2243900,200,57:31.4,6.84E-05,100,2243900,2243300,2243900,2243300,600,600,3106.289291,4243
561,44886886,57:31.4,-1,2243900,200,57:31.4,7.06E-05,100,2243900,2243300,2244000,2243300,600,700,3106.289291,4243
562,44935745,57:35.8,-1,2245500,2,58:20.2,44.38417788,2,2245200,2243700,2245500,2244800,1500,700,3090.496711,4233
563,45056754,57:48.0,1,2244200,100,57:58.8,10.79236868,28,2245000,2244200,2244800,2244200,800,600,3095.6246,4132
564,45056754,57:48.0,1,2244200,100,57:58.8,10.79275561,72,2245000,2244200,2244800,2243900,800,900,3095.6246,4132
565,45121779,57:56.5,-1,2245500,20,58:20.2,23.69085982,20,2245000,2244200,2246000,2244800,800,1200,3095.6246,4101
566,45127955,57:57.2,1,2243900,50,57:58.8,1.565284157,50,2245000,2244200,2244300,2243300,800,1000,3095.6246,4101
567,45159924,57:58.8,-1,2244300,2,58:06.7,7.92214481,2,2244300,2243900,2244900,2243300,400,1600,3094.004174,4108
568,45177993,57:59.8,-1,2245000,200,58:18.5,18.7395972,200,2244300,2243300,2245200,2243400,1000,1800,3092.049187,4129
569,45183698,58:00.2,-1,2244900,100,58:11.1,10.92408086,100,2244300,2243300,2244900,2243300,1000,1600,3092.049187,4130
570,45238819,58:06.7,-1,2244900,1,58:11.9,5.149062742,1,2244900,2243300,2244900,2243600,1600,1300,3091.536309,4137
571,45281528,58:11.1,-1,2244900,100,58:11.9,0.775485867,100,2244900,2243300,2245000,2243600,1600,1400,3093.550034,4140
572,45309032,58:11.8,1,2243400,20,59:05.9,54.13683802,20,2244900,2243600,2244400,2243400,1300,1000,3093.550034,4145
573,45311209,58:11.9,-1,2244900,100,58:18.5,6.610246386,100,2244900,2243600,2245000,2243400,1300,1600,3097.324544,4145
574,45371358,58:18.5,-1,2244900,100,58:18.5,0.000203308,100,2244900,2243400,2245000,2243400,1500,1600,3099.089251,4142
575,45371365,58:18.5,-1,2244900,1,58:18.5,0.000997235,1,2244900,2243400,2245000,2243400,1500,1600,3100.774787,4143
576,45372027,58:18.6,1,2244800,100,58:28.1,9.504520585,76,2245500,2244800,2245800,2244800,700,1000,3104.365955,4157
577,45372027,58:18.6,1,2244800,100,58:28.1,9.504623542,24,2245500,2244800,2245800,2243500,700,2300,3104.365955,4157
578,45569526,58:35.3,1,2243400,400,59:05.9,30.56131278,280,2245400,2243400,2244400,2243400,2000,1000,3111.21584,4157
579,45569526,58:35.3,1,2243400,400,59:05.9,30.56500197,120,2245400,2243400,2244400,2243300,2000,1100,3111.21584,4157
580,45602007,58:38.1,-1,2245000,200,58:51.4,13.31701457,80,2245000,2243400,2245000,2243800,1600,1200,3111.21584,4164
581,45676975,58:47.0,1,2243800,100,59:03.1,16.08814773,100,2245000,2243800,2244400,2243600,1200,800,3108.624513,4093
582,45684884,58:48.0,1,2243600,100,59:05.9,17.91892697,100,2245000,2243800,2244400,2243400,1200,1000,3108.624513,4074
583,45832296,59:05.9,1,2243400,100,59:05.9,0.001836936,100,2244400,2243400,2244400,2243300,1000,1100,3090.368371,3963
584,45857977,59:07.9,1,2242300,19,59:14.8,6.91926721,19,2244400,2243300,2244200,2242200,1100,2000,3081.856469,3961
585,45891193,59:11.0,1,2243300,200,59:11.0,0.000105163,200,2244400,2243300,2244400,2243300,1100,1100,3047.52745,3937
586,45891195,59:11.0,1,2243300,100,59:11.0,0.000380387,100,2244400,2243300,2244400,2242600,1100,1800,3047.52745,3938
587,45891198,59:11.0,1,2242600,100,59:14.8,3.772711723,100,2244400,2243300,2244400,2242300,1100,2100,3047.52745,3939
588,45891368,59:11.0,1,2241800,16,59:14.8,3.775257811,16,2244400,2242600,2244200,2241800,1800,2400,3039.090288,3945
589,45901298,59:11.5,1,2243200,100,59:11.7,0.197644328,100,2244400,2243200,2244400,2242600,1200,1800,3039.090288,3948
590,45904359,59:11.7,1,2243200,100,59:11.9,0.171762041,100,2244400,2243200,2244400,2242600,1200,1800,3034.705715,3951
591,45908499,59:11.9,1,2243200,100,59:14.8,2.936073233,100,2244400,2243200,2244400,2242600,1200,1800,3030.33775,3956
592,45940111,59:14.8,1,2241800,19,59:14.8,0.001044836,19,2244200,2241800,2244200,2241600,2400,2600,3008.724249,3948
593,45940144,59:14.8,1,2242900,100,59:14.8,0.000369672,100,2244200,2242900,2244300,2241600,1300,2700,2997.602606,3956
594,45941112,59:14.9,1,2243200,200,59:14.9,0.000365611,100,2243900,2243200,2243900,2243200,700,700,2992.87062,3971
595,45941112,59:14.9,1,2243200,200,59:15.3,0.348724328,100,2243900,2243200,2244400,2241700,700,2700,2992.87062,3971
596,45962885,59:17.0,-1,2242500,83,59:19.4,2.342113963,83,2242500,2241700,2243700,2241600,800,2100,2984.401524,3993
597,46332273,59:49.0,1,2241500,100,00:00.4,11.44657287,9,2243500,2241500,2243500,2241500,2000,2000,2939.515006,3893
598,46332273,59:49.0,1,2241500,100,00:00.4,11.44960053,91,2243500,2241500,2243500,2241200,2000,2300,2939.515006,3893
599,46434623,59:55.4,1,2241700,200,00:00.4,5.021109539,20,2243500,2241700,2243500,2241700,1800,1800,2939.515006,3879
600,46434623,59:55.4,1,2241700,200,00:00.4,5.021523114,180,2243500,2241700,2243500,2241500,1800,2000,2939.515006,3879
601,46551564,00:00.3,1,2240500,19,00:00.5,0.139123574,19,2243500,2241700,2241200,2239700,1800,1500,2939.515006,3855
602,46558860,00:00.4,1,2240600,19,00:00.5,0.029429054,19,2243500,2241500,2241200,2240500,2000,700,2928.689838,3856
603,46576038,00:00.5,1,2240900,19,00:00.5,0.000551576,19,2241200,2240900,2241200,2240600,300,600,2913.081371,3863
604,46618091,00:00.5,-1,2240500,217,00:01.7,1.18306072,100,2240500,2239700,2240500,2239600,800,900,2900.021414,3867
605,46618091,00:00.5,-1,2240500,217,00:01.8,1.241833079,100,2240500,2239700,2240500,2239600,800,900,2900.021414,3867
606,46618091,00:00.5,-1,2240500,217,00:02.1,1.573910113,17,2240500,2239700,2240500,2239100,800,1400,2900.021414,3867
607,46709884,00:00.7,-1,2240500,100,00:02.1,1.362934229,18,2240500,2239700,2240500,2239100,800,1400,2900.021414,3875
608,46731829,00:00.8,1,2239700,300,00:00.8,0.001205839,55,2240500,2239700,2240500,2239700,800,800,2900.021414,3879
609,46731829,00:00.8,1,2239700,300,00:00.8,0.012958856,100,2240500,2239700,2240500,2239700,800,800,2900.021414,3879
610,46731829,00:00.8,1,2239700,300,00:01.2,0.409158165,145,2240500,2239700,2240500,2239700,800,800,2900.021414,3879
611,46778032,00:01.1,1,2239700,100,00:01.2,0.10645719,100,2240500,2239700,2240500,2239100,800,1400,2895.365216,3881
612,47051295,00:04.0,1,2238100,100,00:07.5,3.45803136,100,2239900,2238100,2239900,2238000,1800,1900,2874.605469,3912
613,47375066,00:08.1,-1,2238500,19,00:08.6,0.467358291,19,2238500,2236700,2238700,2236700,1800,2000,2877.936239,3987
614,47398936,00:08.4,-1,2238400,19,00:08.6,0.161282013,19,2238200,2236700,2238500,2236700,1500,1800,2877.936239,4010
615,47403905,00:08.6,-1,2238100,100,00:08.6,0.039245814,100,2238100,2236700,2238400,2236700,1400,1700,2877.936239,4015
616,47494346,00:09.3,-1,2239100,100,00:16.7,7.38956921,89,2239100,2236700,2239100,2237300,2400,1800,2884.501,4023
617,47494346,00:09.3,-1,2239100,100,00:16.7,7.389687698,10,2239100,2236700,2239100,2237300,2400,1800,2884.501,4023
618,47494346,00:09.3,-1,2239100,100,00:16.7,7.389707737,1,2239100,2236700,2239200,2237300,2400,1900,2884.501,4023
619,47522503,00:09.8,-1,2237500,10,00:09.8,0.000116295,10,2237500,2236700,2239100,2236700,800,2400,2884.501,4022
620,47534804,00:10.1,-1,2239000,100,00:16.7,6.66082654,9,2239000,2237000,2239000,2237300,2000,1700,2890.355544,4023
621,47534804,00:10.1,-1,2239000,100,00:16.7,6.660985402,90,2239000,2237000,2239000,2237300,2000,1700,2890.355544,4023
622,47534804,00:10.1,-1,2239000,100,00:16.7,6.661757996,1,2239000,2237000,2239000,2237300,2000,1700,2890.355544,4023
623,47665949,00:12.8,-1,2239200,15,00:16.7,3.959256747,15,2239000,2237200,2239300,2237300,1800,2000,2885.006526,4049
624,47669193,00:12.8,-1,2239000,10,00:16.7,3.909772586,10,2239000,2237200,2239100,2237300,1800,1800,2885.006526,4050
625,47753707,00:14.9,-1,2239300,19,00:16.7,1.85204966,19,2239000,2237200,2239700,2237300,1800,2400,2885.006526,4043
626,47830993,00:16.8,1,2238400,100,00:17.4,0.650431287,100,2239900,2238400,2239900,2237700,1500,2200,2877.819265,4049
627,48090441,00:24.0,1,2238200,100,00:26.3,2.305905728,100,2239400,2238200,2239100,2237500,1200,1600,2879.250598,4076
628,48147753,00:26.3,1,2237500,100,00:32.2,5.919973916,100,2239100,2237500,2239000,2237200,1600,1800,2877.087264,4070
629,48209164,00:27.9,-1,2238100,50,00:27.9,8.79E-05,50,2238100,2237500,2239000,2237500,600,1500,2873.129122,4066
630,48407290,00:36.1,1,2236600,16,00:44.0,7.917432376,16,2239000,2237100,2238200,2236600,1900,1600,2813.824372,4047
631,48420340,00:36.7,1,2235500,100,00:44.0,7.371501029,100,2239000,2236600,2238200,2235500,2400,2700,2813.824372,4052
632,48569016,00:41.0,1,2236300,100,00:44.0,3.005523257,100,2238700,2236600,2238200,2236300,2100,1900,2745.68828,4060
633,48570572,00:41.1,1,2237200,100,00:43.6,2.497091424,100,2238400,2237200,2238400,2237100,1200,1300,2745.68828,4062
634,48594977,00:42.2,1,2236900,10,00:44.0,1.78514851,10,2238400,2237200,2238200,2236800,1200,1400,2745.68828,4060
635,48598969,00:42.4,1,2237000,1,00:44.0,1.598447465,1,2238400,2237200,2238200,2236900,1200,1300,2745.68828,4063
636,48627254,00:43.9,1,2236300,19,00:44.0,0.131850182,19,2238200,2237000,2238200,2235500,1200,2700,2754.528452,4077
637,48628684,00:44.0,1,2236800,19,00:44.0,0.043586825,19,2238200,2237000,2238200,2236600,1200,1600,2754.528452,4077
638,48629346,00:44.0,1,2236600,19,00:44.0,0.011157637,19,2238200,2236600,2238200,2236300,1600,1900,2785.22819,4079
639,48629791,00:44.0,1,2236100,7,00:44.0,0.000107303,7,2238200,2236100,2238200,2235500,2100,2700,2834.192599,4082
640,48629798,00:44.0,1,2235500,16,00:44.0,0.030832893,16,2238200,2236100,2238200,2235000,2100,3200,2834.192599,4083
641,48629837,00:44.0,1,2235900,7,00:44.0,9.96E-05,7,2238200,2235900,2238200,2235500,2300,2700,2848.046755,4084
642,48629854,00:44.0,1,2235900,19,00:44.0,9.82E-05,19,2238200,2235900,2238200,2235500,2300,2700,2862.946894,4085
643,48629886,00:44.0,1,2235800,7,00:44.0,0.029079496,7,2238200,2235800,2238200,2235800,2400,2400,2877.541756,4086
644,48629941,00:44.0,1,2235800,19,00:44.0,0.028071445,19,2238200,2235800,2238200,2235500,2400,2700,2877.541756,4089
645,48630460,00:44.0,1,2236400,100,00:44.0,0.000275308,20,2238200,2236400,2238200,2236400,1800,1800,2877.541756,4094
646,48630460,00:44.0,1,2236400,100,00:44.0,0.000364047,30,2238200,2236400,2238200,2236400,1800,1800,2877.541756,4094
647,48630460,00:44.0,1,2236400,100,00:44.0,0.003367109,50,2238200,2236400,2238200,2236400,1800,1800,2877.541756,4094
648,48630464,00:44.0,1,2236400,100,00:44.0,0.003120174,100,2238200,2236400,2238200,2236300,1800,1900,2877.541756,4095
649,48630472,00:44.0,1,2236300,16,00:44.0,0.003000763,16,2238200,2236400,2238200,2235800,1800,2400,2899.599979,4096
650,48630555,00:44.0,1,2235000,16,00:52.4,8.392168674,16,2238200,2235000,2237100,2234800,3200,2300,2988.743698,4100
651,48670844,00:46.0,1,2235500,100,00:51.5,5.456079957,100,2238200,2235500,2237400,2235500,2700,1900,2988.743698,4086
652,48670907,00:46.0,1,2235500,16,00:51.5,5.455241307,16,2238200,2235500,2237400,2235500,2700,1900,2988.743698,4089
653,48691923,00:47.1,1,2235500,100,00:51.5,4.33805917,84,2237600,2235500,2237400,2235500,2100,1900,2988.743698,4092
654,48691923,00:47.1,1,2235500,100,00:51.5,4.338304145,16,2237600,2235500,2237400,2235200,2100,2200,2988.743698,4092
655,48808933,00:51.5,1,2234700,19,00:52.5,0.971531863,19,2237300,2235000,2236800,2234700,2300,2100,3045.105562,4070
656,48808973,00:51.5,1,2234800,19,00:52.4,0.967470282,19,2237300,2235000,2236800,2234700,2300,2100,3045.105562,4072
657,48828493,00:52.4,1,2234700,16,00:52.5,0.009495253,16,2237100,2234800,2236800,2233400,2300,3400,3041.828439,4043
658,48954387,01:00.6,-1,2235700,100,01:08.6,7.97831405,100,2235700,2233700,2236400,2235000,2000,1400,3091.142864,4035
659,48959534,01:00.7,1,2234100,1,01:02.5,1.771672148,1,2235700,2234100,2235700,2233600,1600,2100,3091.142864,4036
660,49008125,01:02.6,-1,2234900,100,01:06.0,3.379259404,100,2234900,2233600,2235200,2233300,1300,1900,3113.341377,4039
661,49043298,01:03.5,-1,2234600,2,01:04.1,0.581708009,2,2234600,2233200,2234600,2233300,1400,1300,3113.341377,4051
662,49044006,01:03.5,-1,2234600,100,01:04.1,0.544102857,52,2234600,2233200,2234600,2233300,1400,1300,3113.341377,4052
663,49044006,01:03.5,-1,2234600,100,01:04.1,0.545789398,48,2234600,2233200,2234900,2233300,1400,1600,3113.341377,4052
664,49182109,01:08.6,1,2235000,100,03:11.7,123.0853356,1,2235300,2235000,2235600,2235000,300,600,3169.768298,4065
665,49182109,01:08.6,1,2235000,100,03:11.7,123.0855428,99,2235300,2235000,2235600,2235000,300,600,3169.768298,4065
666,49232728,01:11.1,-1,2237300,15,01:17.8,6.731233411,15,2237300,2235100,2237300,2235100,2200,2200,3180.331341,4096
667,49264254,01:13.4,-1,2237200,18,01:17.8,4.475665244,18,2237200,2235100,2237300,2235100,2100,2200,3180.331341,4108
668,49342317,01:17.8,-1,2237300,18,01:17.8,0.000265944,18,2237300,2235100,2237800,2235100,2200,2700,3183.574418,4116
669,49342531,01:17.9,-1,2237500,15,01:17.9,0.076651019,15,2237500,2235500,2237500,2235300,2000,2200,3189.055475,4126
670,49342543,01:17.9,-1,2237500,18,01:17.9,0.076143132,18,2237500,2235500,2237800,2235300,2000,2500,3189.055475,4127
671,49361152,01:19.0,-1,2238000,100,01:22.5,3.494097168,100,2237800,2235300,2238200,2236100,2500,2100,3192.784797,4128
672,49414802,01:21.9,-1,2238400,18,01:22.5,0.623948684,6,2238000,2236100,2238400,2236400,1900,2000,3192.784797,4134
673,49414802,01:21.9,-1,2238400,18,01:22.5,0.624089443,12,2238000,2236100,2239400,2236400,1900,3000,3192.784797,4134
674,49414808,01:21.9,-1,2238200,15,01:22.5,0.621556802,15,2238000,2236100,2238300,2236100,1900,2200,3192.784797,4135
675,49422011,01:22.1,-1,2238300,18,01:22.5,0.447042259,5,2238000,2236100,2238300,2236100,1900,2200,3192.784797,4136
676,49422011,01:22.1,-1,2238300,18,01:22.5,0.447180373,13,2238000,2236100,2238400,2236100,1900,2300,3192.784797,4136
677,49432059,01:22.5,-1,2238100,100,01:22.5,0.00010936,100,2238100,2236400,2239400,2236400,1700,3000,3188.375554,4142
678,49519706,01:27.4,-1,2237800,100,01:27.9,0.547466732,100,2237800,2237000,2238900,2237000,800,1900,3180.561671,4161
679,49638702,01:33.0,-1,2239100,1,01:33.7,0.732545314,1,2239100,2237400,2239500,2238000,1700,1500,3181.21606,4164
680,49747703,01:38.7,1,2238400,100,01:42.8,4.072112355,100,2239900,2238400,2239900,2237600,1500,2300,3178.456868,4192
681,49747850,01:38.8,1,2238600,4,01:42.8,4.053321168,4,2239900,2238600,2239900,2238400,1300,1500,3178.456868,4198
682,49885489,01:45.1,1,2237200,2,01:45.4,0.291969179,2,2238600,2237200,2238600,2236000,1400,2600,3175.644563,4222
683,49975895,01:49.4,1,2237500,100,01:59.1,9.665313098,100,2239500,2237500,2239000,2236900,2000,2100,3178.272914,4239
684,49991527,01:50.3,-1,2239000,100,01:53.9,3.648526222,7,2239000,2237500,2239000,2237500,1500,1500,3178.272914,4241
685,50189400,02:02.0,1,2237200,100,02:02.0,0.054998725,2,2238200,2237200,2238700,2237200,1000,1500,3177.162829,4292
686,50189400,02:02.0,1,2237200,100,02:02.0,0.05796871,1,2238200,2237200,2238700,2237200,1000,1500,3177.162829,4292
687,50189400,02:02.0,1,2237200,100,02:07.0,5.05249601,97,2238200,2237200,2238700,2237200,1000,1500,3177.162829,4292
688,50189402,02:02.0,1,2237200,100,02:07.0,5.052373281,3,2238200,2237200,2238700,2237200,1000,1500,3177.162829,4293
689,50189402,02:02.0,1,2237200,100,02:07.0,5.076093516,97,2238200,2237200,2238700,2236700,1000,2000,3177.162829,4293
690,50252794,02:07.0,-1,2237200,3,02:07.0,0.001817236,3,2237200,2236700,2238700,2236000,500,2700,3186.77764,4308
691,50252801,02:07.0,-1,2237100,4,02:07.0,0.001300364,4,2237100,2236700,2237200,2236000,400,1200,3189.037925,4309
692,50429967,02:21.0,1,2236500,100,02:51.6,30.6252873,1,2238700,2236500,2238100,2236500,2200,1600,3142.141418,4310
693,50429967,02:21.0,1,2236500,100,02:51.6,30.62736531,1,2238700,2236500,2238100,2236500,2200,1600,3142.141418,4310
694,50429967,02:21.0,1,2236500,100,02:52.6,31.54771845,5,2238700,2236500,2238100,2236500,2200,1600,3142.141418,4310
695,50429967,02:21.0,1,2236500,100,02:52.6,31.54780323,93,2238700,2236500,2238100,2235800,2200,2300,3142.141418,4310
696,50490209,02:24.8,1,2237500,100,02:40.6,15.80700663,100,2238900,2237500,2239000,2237500,1400,1500,3142.141418,4321
697,50490212,02:24.8,1,2237500,100,02:40.6,15.80687816,100,2238900,2237500,2239000,2236900,1400,2100,3142.141418,4322
698,51013124,02:53.0,1,2235600,100,03:00.0,6.945826168,100,2238000,2235600,2237500,2235400,2400,2100,3161.641622,4331
699,51183546,03:00.1,1,2235600,100,03:00.3,0.287694361,1,2237300,2235600,2237500,2235600,1700,1900,3171.89932,4340
700,51183546,03:00.1,1,2235600,100,03:00.3,0.289755819,1,2237300,2235600,2237500,2235600,1700,1900,3171.89932,4340
701,51183546,03:00.1,1,2235600,100,03:00.6,0.534066451,98,2237300,2235600,2237500,2235400,1700,2100,3171.89932,4340
702,51592939,03:13.5,1,2234300,17,03:13.5,0.000549281,17,2236100,2234300,2236100,2234000,1800,2100,3226.954844,4415
703,51593033,03:13.5,1,2234100,20,03:13.5,0.002583925,7,2236100,2234100,2236000,2234100,2000,1900,3243.451432,4416
704,51631010,03:15.5,-1,2234300,100,03:15.5,0.000121814,100,2234300,2233400,2234900,2233400,900,1500,3260.89486,4427
705,51736372,03:20.7,-1,2234700,100,03:25.1,4.47909188,100,2234700,2233000,2235100,2233000,1700,2100,3279.132453,4427
706,51758857,03:21.9,-1,2235100,20,03:25.4,3.506016218,20,2234700,2233000,2235500,2233100,1700,2400,3280.550727,4430
707,51790967,03:23.6,-1,2234300,8,03:23.6,0.000229462,8,2234300,2233000,2234700,2233000,1300,1700,3280.550727,4437
708,51790973,03:23.6,-1,2234200,3,03:23.6,0.000108826,3,2234200,2233000,2234300,2233000,1200,1300,3280.550727,4438
709,51791177,03:23.6,-1,2234600,1,03:25.1,1.535747456,1,2234600,2233000,2234600,2233000,1600,1600,3312.568829,4439
710,51791649,03:23.6,-1,2234600,100,03:25.1,1.497285415,65,2234600,2233000,2234600,2233000,1600,1600,3312.568829,4440
711,51791649,03:23.6,-1,2234600,100,03:25.1,1.51169856,35,2234600,2233000,2234700,2233000,1600,1700,3312.568829,4440
712,52200138,03:43.3,1,2235000,300,03:51.0,7.711007853,2,2237000,2235000,2237100,2235000,2000,2100,3376.500551,4499
713,52200138,03:43.3,1,2235000,300,04:11.7,28.45255828,200,2237000,2235000,2236700,2235000,2000,1700,3376.500551,4499
714,52200138,03:43.3,1,2235000,300,04:11.7,28.45266939,31,2237000,2235000,2236700,2235000,2000,1700,3376.500551,4499
715,52200138,03:43.3,1,2235000,300,04:11.7,28.45268921,3,2237000,2235000,2236700,2235000,2000,1700,3376.500551,4499
716,52200138,03:43.3,1,2235000,300,04:35.7,52.46401002,2,2237000,2235000,2236000,2235000,2000,1000,3376.500551,4499
717,52200138,03:43.3,1,2235000,300,04:44.1,60.84839377,62,2237000,2235000,2235300,2235000,2000,300,3376.500551,4499
718,52372161,03:51.8,-1,2236700,3,03:54.1,2.24052466,3,2236700,2235000,2237100,2235000,1700,2100,3408.051625,4485
719,52568125,03:56.8,1,2235000,100,04:44.1,47.35788176,38,2237300,2235000,2235300,2235000,2300,300,3410.922923,4492
720,52568125,03:56.8,1,2235000,100,04:44.1,47.35810827,62,2237300,2235000,2235300,2235000,2300,300,3410.922923,4492
721,52884525,04:11.7,1,2235000,300,04:44.1,32.39578318,300,2236700,2235000,2235300,2235000,1700,300,3454.557571,4518
722,53118581,04:24.8,1,2235000,100,04:44.1,19.34946565,100,2236100,2235000,2235300,2233800,1100,1500,3457.397513,4531
723,53178164,04:28.6,1,2235100,100,04:31.8,3.213981055,100,2236100,2235100,2236000,2235000,1000,1000,3460.238145,4514
724,53424455,04:39.8,-1,2236200,1,05:14.2,34.38859498,1,2235300,2235000,2236200,2234600,300,1600,3483.317801,4520
725,53488081,04:44.1,1,2235000,100,04:44.1,8.75E-05,100,2235200,2235000,2235200,2233800,200,1400,3534.047,4484
726,53488131,04:44.1,1,2235000,300,04:44.1,0.001333248,3,2235100,2235000,2235100,2235000,100,100,3542.905983,4486
727,53488131,04:44.1,1,2235000,300,04:44.1,0.00133612,100,2235100,2235000,2235100,2235000,100,100,3542.905983,4486
728,53488131,04:44.1,1,2235000,300,04:44.1,0.001742421,100,2235100,2235000,2235100,2235000,100,100,3542.905983,4486
729,53488131,04:44.1,1,2235000,300,04:44.1,0.001954712,97,2235100,2235000,2235100,2235000,100,100,3542.905983,4486
730,53488153,04:44.1,1,2235000,100,04:44.1,0.001866865,3,2235100,2235000,2235100,2235000,100,100,3542.905983,4487
731,53488437,04:44.1,1,2234900,300,04:44.1,0.000360111,107,2235100,2235000,2235100,2234900,100,200,3584.917559,4488
732,53488437,04:44.1,1,2234900,300,04:44.1,0.000402246,100,2235100,2235000,2235100,2234900,100,200,3584.917559,4488
733,53488833,04:44.1,1,2235000,100,04:44.1,0.009807686,100,2235100,2235000,2235100,2235000,100,100,3601.630354,4491
734,53488834,04:44.1,1,2235000,100,04:44.1,0.009794978,100,2235100,2235000,2235100,2233400,100,1700,3601.630354,4492
735,53489002,04:44.1,-1,2235200,100,04:47.4,3.231362648,100,2235100,2235000,2235500,2233200,100,2300,3601.630354,4494
736,53489123,04:44.1,1,2235000,100,04:44.2,0.018359717,100,2235100,2235000,2235100,2233400,100,1700,3616.862635,4495
737,53489564,04:44.2,1,2235000,97,04:44.2,0.005850702,97,2235100,2235000,2235100,2233400,100,1700,3624.28049,4496
738,53489803,04:44.2,-1,2235000,100,04:46.4,2.205356919,36,2235000,2233400,2235000,2233100,1600,1900,3631.569391,4499
739,53489803,04:44.2,-1,2235000,100,04:47.3,3.165872789,64,2235000,2233400,2235000,2233100,1600,1900,3631.569391,4499
740,53489805,04:44.2,-1,2234900,7,04:44.3,0.090014627,7,2234900,2233400,2235000,2233400,1500,1600,3631.569391,4500
741,53560885,04:47.3,-1,2235000,100,04:47.3,0.041050435,36,2235000,2233100,2235000,2233100,1900,1900,3646.208796,4497
742,53563463,04:47.4,-1,2235200,100,04:47.4,0.000204297,100,2235200,2233200,2235500,2233200,2000,2300,3665.753692,4501
743,53745023,04:57.8,-1,2235000,100,05:02.6,4.82824638,100,2235000,2233600,2235000,2234500,1400,500,3676.254638,4495
744,53745200,04:57.8,1,2234500,100,05:00.1,2.353470659,1,2235000,2234500,2235000,2234500,500,500,3676.254638,4498
745,53745200,04:57.8,1,2234500,100,05:00.1,2.35541911,1,2235000,2234500,2235000,2234500,500,500,3676.254638,4498
746,53745200,04:57.8,1,2234500,100,05:04.1,6.363166394,49,2235000,2234500,2235800,2234500,500,1300,3676.254638,4498
747,53745200,04:57.8,1,2234500,100,05:04.1,6.363614206,49,2235000,2234500,2235800,2234500,500,1300,3676.254638,4498
748,53745229,04:57.8,-1,2236200,17,05:14.2,16.43071535,17,2235000,2234500,2236200,2234600,500,1600,3676.254638,4501
749,53746680,04:57.9,-1,2235000,64,05:02.9,4.989022916,64,2235000,2234500,2235800,2234500,500,1300,3676.254638,4499
750,53829114,05:01.1,1,2234500,300,05:04.1,3.064579136,151,2235000,2234500,2235800,2234500,500,1300,3693.434657,4482
751,53829114,05:01.1,1,2234500,300,05:04.2,3.065085783,21,2235000,2234500,2235800,2234500,500,1300,3693.434657,4482
752,53829114,05:01.1,1,2234500,300,05:04.2,3.068122921,100,2235000,2234500,2235800,2234500,500,1300,3693.434657,4482
753,53854792,05:02.1,1,2233500,25,05:43.2,41.05950405,25,2235000,2234500,2234000,2233400,500,600,3693.434657,4481
754,53870454,05:02.9,1,2233400,100,05:43.2,40.27915709,100,2235000,2234500,2234000,2233200,500,800,3699.6477,4480
755,53959452,05:04.2,1,2235100,100,05:04.2,0.002983802,100,2235800,2235100,2235800,2234500,700,1300,3745.069133,4493
756,53976678,05:04.3,-1,2235800,100,05:14.2,9.853465127,100,2235800,2234500,2235900,2234500,1300,1400,3750.105722,4498
757,54025425,05:05.5,-1,2235300,100,05:06.3,0.840479078,100,2235300,2234500,2235300,2234500,800,800,3750.105722,4504
758,54052271,05:06.0,-1,2235300,100,05:06.3,0.360514979,50,2235300,2234500,2235300,2234500,800,800,3750.105722,4499
759,54245510,05:13.0,-1,2235600,100,05:14.2,1.145478053,100,2235600,2234500,2235800,2234500,1100,1300,3763.543729,4465
760,54260793,05:13.7,-1,2235900,22,05:14.2,0.472174737,22,2235500,2234500,2236000,2234500,1000,1500,3763.543729,4467
761,54267516,05:13.7,-1,2235500,100,05:14.1,0.41142685,100,2235500,2234500,2235500,2234500,1000,1000,3763.543729,4469
762,54267592,05:13.7,-1,2235500,100,05:14.1,0.410111061,100,2235500,2234500,2235600,2234500,1000,1100,3763.543729,4470
763,54279635,05:14.0,-1,2236000,100,05:14.2,0.161514507,100,2235500,2234500,2236100,2234500,1000,1600,3763.543729,4472
764,54285907,05:14.1,1,2234100,100,05:39.8,25.63395914,100,2235600,2234500,2236400,2234100,1100,2300,3770.117079,4465
765,54285917,05:14.1,-1,2236100,100,05:14.2,0.049738635,100,2235600,2234500,2236100,2234500,1100,1600,3770.117079,4466
766,54286275,05:14.2,-1,2236500,22,05:14.2,0.046696265,22,2236100,2234500,2236600,2234600,1600,2000,3778.264613,4471
767,54286286,05:14.2,-1,2235500,100,05:14.2,9.20E-05,100,2235500,2234500,2236100,2234500,1000,1600,3778.264613,4473
768,54286300,05:14.2,-1,2236100,100,05:14.2,0.024766344,100,2236100,2234500,2236200,2234500,1600,1700,3781.226534,4474
769,54286345,05:14.2,-1,2235500,100,05:14.2,0.007201843,100,2235500,2234500,2236100,2234500,1000,1600,3781.226534,4476
770,54286353,05:14.2,-1,2236400,22,05:14.2,0.04321205,22,2235500,2234500,2236500,2234600,1000,1900,3781.226534,4477
771,54286743,05:14.2,-1,2236200,100,05:14.2,0.018957152,100,2236200,2234600,2236400,2234600,1600,1800,3786.031655,4485
772,54286795,05:14.2,-1,2236600,100,05:14.2,0.016929468,100,2236200,2234600,2236700,2234600,1600,2100,3786.031655,4487
773,54287951,05:14.2,-1,2236600,100,05:14.2,0.004987317,100,2236600,2234600,2236600,2234600,2000,2000,3786.862641,4496
774,54507378,05:24.1,-1,2235600,100,05:24.1,0.000110308,100,2235600,2234700,2236100,2234700,900,1400,3786.264302,4520
775,54507607,05:24.1,-1,2236100,100,05:27.0,2.956795852,100,2236100,2234700,2236700,2234900,1400,1800,3788.421194,4522
776,54525220,05:25.0,-1,2236000,100,05:27.0,2.000640658,100,2236000,2234700,2236100,2234900,1300,1200,3788.421194,4523
777,54528590,05:25.3,1,2234800,200,05:39.7,14.36251566,172,2236000,2234900,2236500,2234800,1100,1700,3788.421194,4526
778,54528590,05:25.3,1,2234800,200,05:39.7,14.37464682,28,2236000,2234900,2236500,2234400,1100,2100,3788.421194,4526
779,54549986,05:26.9,1,2234000,19,05:39.8,12.92461009,19,2236000,2234900,2236400,2234000,1100,2400,3788.421194,4524
780,54570603,05:27.0,1,2234900,100,05:39.7,12.63040598,100,2236700,2234900,2236500,2234800,1800,1700,3789.953927,4527
781,54792039,05:37.3,1,2235400,300,05:39.7,2.394283122,300,2236500,2235400,2236500,2234900,1100,1600,3804.504219,4514
782,54821429,05:38.6,1,2235500,100,05:39.7,1.017506129,100,2236500,2235500,2236500,2235400,1000,1100,3804.504219,4508
783,54841762,05:39.7,1,2235000,100,05:39.7,0.001941894,100,2236500,2235000,2236500,2235000,1500,1500,3818.358198,4510
784,54841803,05:39.7,1,2235000,100,05:39.7,0.008532691,100,2236500,2235000,2236500,2234800,1500,1700,3818.358198,4511
785,54841945,05:39.7,1,2234100,100,05:39.8,0.115714609,100,2236400,2234100,2236400,2234000,2300,2400,3830.182309,4522
786,54843845,05:39.8,1,2234000,100,05:39.8,0.015759832,100,2236400,2234000,2236400,2233800,2400,2600,3843.814737,4526
787,54847337,05:39.9,-1,2234000,200,05:39.9,0.000110996,100,2234000,2233500,2234000,2233500,500,500,3857.807598,4540
788,54847337,05:39.9,-1,2234000,200,05:39.9,0.000222877,100,2234000,2233500,2235600,2233500,500,2100,3857.807598,4540
789,54847371,05:39.9,-1,2234000,200,05:39.9,0.000116096,100,2234000,2233500,2234000,2233500,500,500,3871.370883,4542
790,54847371,05:39.9,-1,2234000,200,05:39.9,0.000441169,100,2234000,2233500,2234000,2233500,500,500,3871.370883,4542
791,54847401,05:39.9,-1,2234000,100,05:39.9,0.000415048,100,2234000,2233500,2235600,2233500,500,2100,3877.995763,4544
792,54847437,05:39.9,-1,2234000,200,05:39.9,0.002361697,138,2234000,2233500,2234000,2233500,500,500,3890.940334,4546
793,54847437,05:39.9,-1,2234000,200,05:39.9,0.00245429,62,2234000,2233500,2235600,2233500,500,2100,3890.940334,4546
794,54847522,05:39.9,-1,2234000,200,05:39.9,0.030121069,200,2234000,2233500,2235600,2233500,500,2100,3903.488696,4549
795,54848349,05:39.9,-1,2234000,200,05:39.9,7.19E-05,37,2234000,2233500,2234000,2233500,500,500,3909.618191,4551
796,54848583,05:39.9,-1,2234000,200,05:40.1,0.117990774,100,2234000,2233500,2234000,2233500,500,500,3915.653239,4562
797,54848583,05:39.9,-1,2234000,200,05:41.0,1.02344567,40,2234000,2233500,2234000,2233500,500,500,3915.653239,4562
798,54848583,05:39.9,-1,2234000,200,05:41.0,1.023560106,60,2234000,2233500,2235700,2233500,500,2200,3915.653239,4562
799,54867109,05:41.0,-1,2234000,200,05:41.0,0.000315475,200,2234000,2233500,2235700,2233500,500,2200,3933.206263,4558
800,54867250,05:41.0,-1,2234000,200,05:41.0,0.000110026,200,2234000,2233500,2235700,2233500,500,2200,3938.877936,4560
801,54867326,05:41.0,-1,2234000,200,05:41.0,0.000106923,200,2234000,2233500,2235700,2233500,500,2200,3944.462225,4564
802,54867419,05:41.0,-1,2234000,200,05:41.0,0.015206002,200,2234000,2233500,2235700,2233500,500,2200,3949.960458,4566
803,54870011,05:41.0,-1,2234000,200,05:42.0,1.005812009,100,2234000,2233500,2234000,2233500,500,500,3955.373938,4571
804,54870011,05:41.0,-1,2234000,200,05:42.0,1.005908739,100,2234000,2233500,2235100,2233500,500,1600,3955.373938,4571
805,54872711,05:41.0,-1,2235600,40,06:15.7,34.71278061,40,2234000,2233500,2236000,2234100,500,1900,3955.373938,4576
806,54893351,05:42.0,-1,2234000,200,05:42.1,0.087635519,200,2234000,2233500,2235100,2233500,500,1600,3965.951726,4579
807,54895600,05:42.1,-1,2234000,200,05:42.1,0.002060528,100,2234000,2233500,2234000,2233500,500,500,3971.118515,4583
808,54895600,05:42.1,-1,2234000,200,05:42.1,0.005501976,100,2234000,2233500,2235100,2233500,500,1600,3971.118515,4583
809,54895687,05:42.1,1,2233200,100,05:43.4,1.301776264,100,2234000,2233500,2234600,2232700,500,1900,3976.205515,4586
810,54895753,05:42.1,-1,2234000,200,05:42.1,0.002228551,156,2234000,2233500,2234000,2233500,500,500,3981.213908,4587
811,54915817,05:43.4,-1,2235000,200,06:15.1,31.73465046,200,2234600,2233200,2235100,2233000,1400,2100,3999.680214,4603
812,54915912,05:43.4,1,2232700,100,05:44.3,0.887801862,70,2234500,2232700,2233000,2232700,1800,300,4007.238713,4610
813,54915912,05:43.4,1,2232700,100,05:44.3,0.88780482,30,2234500,2232700,2233000,2232500,1800,500,4007.238713,4610
814,54916165,05:43.4,-1,2233300,10,05:43.4,9.83E-05,10,2233300,2232700,2234600,2232700,600,1900,4007.238713,4612
815,54916987,05:43.5,-1,2233000,200,05:57.7,14.22579886,200,2233000,2232700,2234100,2232000,300,2100,4014.310714,4629
816,54925575,05:44.3,1,2232500,100,05:44.3,0.001381598,90,2233000,2232500,2233000,2232500,500,500,4042.66023,4634
817,54925575,05:44.3,1,2232500,100,05:44.3,0.001472363,10,2233000,2232500,2233000,2232000,500,1000,4042.66023,4634
818,55115903,05:57.7,-1,2233000,200,05:58.9,1.168118251,200,2233000,2232000,2234100,2232000,1000,2100,4093.536544,4632
819,55133424,05:58.9,-1,2233000,200,05:58.9,0.001580003,100,2233000,2232000,2233000,2232000,1000,1000,4100.917602,4634
820,55133424,05:58.9,-1,2233000,200,05:58.9,0.001673593,100,2233000,2232000,2234100,2232000,1000,2100,4100.917602,4634
821,55320089,06:05.1,1,2233300,100,06:06.1,0.938755678,100,2233800,2233300,2234000,2233200,500,800,4124.70014,4676
822,55326617,06:05.5,-1,2234000,2,06:08.9,3.399925632,2,2234000,2233300,2234700,2232700,700,2000,4124.70014,4679
823,55327593,06:05.6,1,2233200,100,06:06.1,0.45947867,100,2234000,2233300,2234000,2232400,700,1600,4124.70014,4680
824,55332412,06:06.1,-1,2233200,100,06:07.0,0.969845538,60,2233200,2232400,2233200,2232200,800,1000,4136.954999,4679
825,55332412,06:06.1,-1,2233200,100,06:07.0,0.969949359,40,2233200,2232400,2233200,2232200,800,1000,4136.954999,4679
826,55353515,06:06.8,-1,2233200,7,06:07.0,0.183868756,7,2233200,2232200,2234000,2232200,1000,1800,4136.954999,4695
827,55554524,06:15.8,-1,2235700,100,06:16.0,0.244872519,20,2235700,2234100,2235700,2234100,1600,1600,4158.127785,4779
828,55554524,06:15.8,-1,2235700,100,06:16.0,0.245458956,40,2235700,2234100,2235700,2234100,1600,1600,4158.127785,4779
829,55554524,06:15.8,-1,2235700,100,06:23.1,7.329127314,40,2235700,2234100,2236000,2234100,1600,1900,4158.127785,4779
830,55649043,06:17.9,1,2234100,100,06:48.9,30.97231695,100,2235700,2234100,2235000,2234100,1600,900,4155.913403,4792
831,55771471,06:23.1,-1,2236000,100,06:23.1,0.000523201,100,2236000,2234100,2236400,2234100,1900,2300,4154.78769,4801
832,55877680,06:28.3,1,2234100,100,06:48.9,20.55794278,70,2236500,2234400,2235000,2234100,2100,900,4194.456001,4787
833,55877680,06:28.3,1,2234100,100,06:48.9,20.55828141,30,2236500,2234400,2235000,2234100,2100,900,4194.456001,4787
834,55903433,06:30.0,-1,2235600,100,06:31.5,1.594804677,100,2235600,2234100,2235600,2234800,1500,800,4194.456001,4794
835,55903493,06:30.0,-1,2235600,100,06:31.5,1.587797379,100,2235600,2234100,2236200,2234800,1500,1400,4194.456001,4799
836,55921730,06:31.5,1,2234800,500,06:38.5,6.993192583,100,2235600,2234800,2235600,2234800,800,800,4194.456001,4805
837,55921730,06:31.5,1,2234800,500,06:38.5,6.994631915,400,2235600,2234800,2235600,2234100,800,1500,4194.456001,4805
838,55963352,06:33.5,1,2235000,100,06:38.5,4.999396811,100,2236000,2235100,2235600,2234800,900,800,4192.419818,4818
839,55994721,06:36.0,-1,2235500,100,06:36.2,0.160645021,100,2235500,2235000,2235600,2235000,500,600,4192.419818,4819
840,56229438,06:47.1,-1,2235000,100,10:58.4,251.3274465,100,2235000,2234100,2235000,2232800,900,2200,4193.352178,4877
841,56253381,06:48.9,1,2234100,100,06:48.9,9.29E-05,70,2235000,2234100,2235000,2234100,900,900,4198.425467,4882
842,56253381,06:48.9,1,2234100,100,06:48.9,0.000419706,30,2235000,2234100,2235000,2234100,900,900,4198.425467,4882
843,56253393,06:48.9,1,2234100,100,06:48.9,8.03E-05,20,2235000,2234100,2235000,2234100,900,900,4203.310661,4883
844,56253393,06:48.9,1,2234100,100,06:48.9,0.00099504,80,2235000,2234100,2235000,2234100,900,900,4203.310661,4883
845,56253398,06:48.9,1,2234100,100,06:48.9,0.000637987,20,2235000,2234100,2235000,2234100,900,900,4208.012765,4884
846,56253398,06:48.9,1,2234100,100,06:48.9,0.000925264,50,2235000,2234100,2235000,2234100,900,900,4208.012765,4884
847,56253398,06:48.9,1,2234100,100,06:58.0,9.164281251,30,2235000,2234100,2235000,2234100,900,900,4208.012765,4884
848,56253431,06:48.9,1,2234100,100,06:58.0,9.163397906,70,2235000,2234100,2235000,2234100,900,900,4212.53663,4887
849,56253431,06:48.9,1,2234100,100,06:58.0,9.164229483,30,2235000,2234100,2235000,2234100,900,900,4212.53663,4887
850,56275025,06:49.9,1,2234100,2,06:58.0,8.16521883,2,2235000,2234100,2235000,2234100,900,900,4214.733195,4889
851,56383381,06:58.0,1,2234100,100,06:58.0,0.000573623,68,2235000,2234100,2235000,2234100,900,900,4228.596214,4894
852,56383381,06:58.0,1,2234100,100,06:58.0,0.003866767,32,2235000,2234100,2235000,2234100,900,900,4228.596214,4894
853,56383418,06:58.0,1,2234100,100,06:58.0,0.002795622,100,2235000,2234100,2235000,2233300,900,1700,4234.63293,4896
854,56383547,06:58.0,1,2234100,100,06:58.1,0.008574548,100,2235000,2234100,2235000,2233300,900,1700,4238.455343,4897
855,56383811,06:58.1,1,2234100,100,06:59.5,1.443435616,10,2235000,2234100,2235000,2234100,900,900,4240.307507,4903
856,56383811,06:58.1,1,2234100,100,07:01.0,2.909519719,50,2235000,2234100,2234900,2234100,900,800,4240.307507,4903
857,56383811,06:58.1,1,2234100,100,07:01.0,2.909747372,40,2235000,2234100,2234900,2234100,900,800,4240.307507,4903
858,56401649,06:59.5,1,2234100,32,07:01.0,1.466093544,32,2235000,2234100,2234900,2233800,900,1100,4246.812622,4897
859,56405802,07:00.0,1,2233800,100,07:01.0,1.003225031,57,2235000,2234100,2234100,2233800,900,300,4246.812622,4898
860,56405802,07:00.0,1,2233800,100,07:01.0,1.003235785,43,2235000,2234100,2234100,2232900,900,1200,4246.812622,4898
