,OrderID,Time Submission,Direction_x,Price Submission,Size Submission,Time Execution Visible,lifetime,Size Execution Visible,Ask Price 1 Submission,Bid Price 1 Submission,Ask Price 1 Execution Visible,Bid Price 1 Execution Visible,Effective Spread Submission,Effective Spread Execution Visible,Volatility,Number of Orders Submitted
0,11885113,2012-06-21 09:30:00.189608000,1.0,2238100.0,21.0,2012-06-21 09:30:00.190227000,0.0006188059996929951,21,2239500.0,2238100.0,2239500,2237500,1400.0,2000,,0
1,3911376,2012-06-21 09:30:00.189608000,-1.0,2239600.0,20.0,2012-06-21 09:30:00.391413000,0.20180527000047732,20,2239500.0,2238100.0,2239600,2237500,1400.0,2100,,0
2,11534792,2012-06-21 09:30:00.189608000,1.0,2237500.0,100.0,2012-06-21 09:30:00.190227000,0.0006188059996929951,26,2239500.0,2238100.0,2239500,2237500,1400.0,2000,,0
3,1365373,2012-06-21 09:30:00.189608000,-1.0,2240000.0,13.0,2012-06-21 09:30:00.403006000,0.21339835099934135,13,2239500.0,2238100.0,2240000,2237500,1400.0,2500,,0
4,11474176,2012-06-21 09:30:00.189608000,1.0,2236500.0,2.0,2012-06-21 09:31:49.903928000,109.7143202340012,2,2239500.0,2238100.0,2239100,2236100,1400.0,3000,,0
5,1847685,2012-06-21 09:30:00.189608000,-1.0,2240000.0,100.0,2012-06-21 09:30:00.403006000,0.21339835099934135,27,2239500.0,2238100.0,2240000,2237500,1400.0,2500,,0
6,1847685,2012-06-21 09:30:00.189608000,-1.0,2240000.0,100.0,2012-06-21 09:30:00.407876000,0.21826883900212124,73,2239500.0,2238100.0,2240000,2237500,1400.0,2500,,0
7,3920359,2012-06-21 09:30:00.189608000,1.0,2236000.0,15.0,2012-06-21 09:31:49.905493000,109.71588557200448,15,2239500.0,2238100.0,2239100,2235000,1400.0,4100,,0
8,3578212,2012-06-21 09:30:00.189608000,-1.0,2240000.0,4.0,2012-06-21 09:30:00.407876000,0.21826883900212124,4,2239500.0,2238100.0,2240000,2237500,1400.0,2500,,0
9,3581197,2012-06-21 09:30:00.189608000,-1.0,2240000.0,10.0,2012-06-21 09:30:00.407876000,0.21826883900212124,3,2239500.0,2238100.0,2240000,2237500,1400.0,2500,,0
10,3581197,2012-06-21 09:30:00.189608000,-1.0,2240000.0,10.0,2012-06-21 09:30:00.411053000,0.22144499199930578,7,2239500.0,2238100.0,2240000,2237500,1400.0,2500,,0
11,3591155,2012-06-21 09:30:00.189608000,-1.0,2240000.0,50.0,2012-06-21 09:30:00.411053000,0.22144499199930578,50,2239500.0,2238100.0,2240000,2237500,1400.0,2500,,0
12,3689544,2012-06-21 09:30:00.189608000,-1.0,2240000.0,100.0,2012-06-21 09:30:00.411053000,0.22144499199930578,43,2239500.0,2238100.0,2240000,2237500,1400.0,2500,,0
13,3689544,2012-06-21 09:30:00.189608000,-1.0,2240000.0,100.0,2012-06-21 09:30:00.412064000,0.22245605799980694,57,2239500.0,2238100.0,2240000,2237500,1400.0,2500,,0
14,3920363,2012-06-21 09:30:00.189608000,-1.0,2240000.0,6.0,2012-06-21 09:30:00.412064000,0.22245605799980694,6,2239500.0,2238100.0,2240000,2237500,1400.0,2500,,0
15,3920364,2012-06-21 09:30:00.189608000,-1.0,2240000.0,23.0,2012-06-21 09:30:00.412064000,0.22245605799980694,23,2239500.0,2238100.0,2240000,2237500,1400.0,2500,,0
16,3920367,2012-06-21 09:30:00.189608000,-1.0,2240000.0,6.0,2012-06-21 09:30:00.412064000,0.22245605799980694,6,2239500.0,2238100.0,2240000,2237500,1400.0,2500,,0
17,3920371,2012-06-21 09:30:00.189608000,-1.0,2240000.0,54.0,2012-06-21 09:30:00.412064000,0.22245605799980694,54,2239500.0,2238100.0,2240000,2237500,1400.0,2500,,0
18,3920373,2012-06-21 09:30:00.189608000,-1.0,2240000.0,54.0,2012-06-21 09:30:00.412064000,0.22245605799980694,54,2239500.0,2238100.0,2240000,2237500,1400.0,2500,,0
19,3920374,2012-06-21 09:30:00.189608000,-1.0,2240000.0,15.0,2012-06-21 09:30:00.417198000,0.22759028899599798,15,2239500.0,2238100.0,2240000,2237500,1400.0,2500,,0
20,4631442,2012-06-21 09:30:00.189608000,-1.0,2240000.0,76.0,2012-06-21 09:30:00.417198000,0.22759028899599798,76,2239500.0,2238100.0,2240000,2237500,1400.0,2500,,0
21,4631569,2012-06-21 09:30:00.189608000,-1.0,2240000.0,20.0,2012-06-21 09:30:00.417198000,0.22759028899599798,20,2239500.0,2238100.0,2240000,2237500,1400.0,2500,,0
22,4632895,2012-06-21 09:30:00.189608000,-1.0,2240000.0,15.0,2012-06-21 09:30:00.417198000,0.22759028899599798,15,2239500.0,2238100.0,2240000,2237500,1400.0,2500,,0
23,4632989,2012-06-21 09:30:00.189608000,-1.0,2240000.0,10.0,2012-06-21 09:30:00.417198000,0.22759028899599798,10,2239500.0,2238100.0,2240000,2237500,1400.0,2500,,0
24,10054324,2012-06-21 09:30:00.189608000,-1.0,2240000.0,25.0,2012-06-21 09:30:00.417198000,0.22759028899599798,25,2239500.0,2238100.0,2240000,2237500,1400.0,2500,,0
25,11349573,2012-06-21 09:30:00.189608000,-1.0,2240000.0,100.0,2012-06-21 09:30:00.417198000,0.22759028899599798,100,2239500.0,2238100.0,2240000,2237500,1400.0,2500,,0
26,11830089,2012-06-21 09:30:00.189608000,-1.0,2240000.0,50.0,2012-06-21 09:30:00.417198000,0.22759028899599798,50,2239500.0,2238100.0,2240000,2237500,1400.0,2500,,0
27,12490851,2012-06-21 09:30:00.189608000,-1.0,2240000.0,500.0,2012-06-21 09:30:00.417198000,0.22759028899599798,183,2239500.0,2238100.0,2240000,2237500,1400.0,2500,,0
28,12490851,2012-06-21 09:30:00.189608000,-1.0,2240000.0,500.0,2012-06-21 09:30:00.419809000,0.23020117200212553,100,2239500.0,2238100.0,2240000,2237500,1400.0,2500,,0
29,12490851,2012-06-21 09:30:00.189608000,-1.0,2240000.0,500.0,2012-06-21 09:30:00.538425000,0.3488170700002229,200,2239500.0,2238100.0,2240000,2237500,1400.0,2500,,0
30,12490851,2012-06-21 09:30:00.189608000,-1.0,2240000.0,500.0,2012-06-21 09:30:00.567937000,0.3783291920044576,17,2239500.0,2238100.0,2240000,2237500,1400.0,2500,,0
31,11561639,2012-06-21 09:30:00.189608000,-1.0,2242400.0,20.0,2012-06-21 09:30:15.778218000,15.588610589999007,20,2239500.0,2238100.0,2242500,2240900,1400.0,1600,,0
32,16202496,2012-06-21 09:30:00.376281000,-1.0,2239600.0,286.0,2012-06-21 09:30:00.391413000,0.015131813997868448,286,2239500.0,2237500.0,2239900,2237500,2000.0,2400,300.0,27
33,16207239,2012-06-21 09:30:00.394405000,-1.0,2239900.0,100.0,2012-06-21 09:30:00.401529000,0.007124345000192989,90,2239900.0,2237500.0,2239900,2237500,2400.0,2400,924.6621004453465,29
34,16207239,2012-06-21 09:30:00.394405000,-1.0,2239900.0,100.0,2012-06-21 09:30:00.403006000,0.00860101400030544,10,2239900.0,2237500.0,2239900,2237500,2400.0,2400,924.6621004453465,29
35,16208720,2012-06-21 09:30:00.401924000,-1.0,2239900.0,50.0,2012-06-21 09:30:00.403006000,0.001082276001397986,50,2239900.0,2237500.0,2240000,2237500,2400.0,2500,956.2426470305536,30
36,16240373,2012-06-21 09:30:00.568240000,-1.0,2240000.0,100.0,2012-06-21 09:30:00.570409000,0.00216846199327847,100,2240000.0,2237500.0,2242400,2237500,2500.0,4900,530.6751940840662,37
37,16240856,2012-06-21 09:30:00.570714000,-1.0,2240000.0,100.0,2012-06-21 09:30:00.574028000,0.0033138139988295734,100,2240000.0,2237500.0,2242400,2237500,2500.0,4900,523.5707187934163,39
38,16241642,2012-06-21 09:30:00.574401000,-1.0,2240000.0,100.0,2012-06-21 09:30:01.395343000,0.8209420080020209,100,2240000.0,2237500.0,2242400,2238400,2500.0,4000,516.7401747138158,40
39,16252480,2012-06-21 09:30:00.631354000,-1.0,2239500.0,100.0,2012-06-21 09:30:00.771526000,0.14017215699277585,100,2239500.0,2237500.0,2240000,2237500,2000.0,2500,516.7401747138158,41
40,16275687,2012-06-21 09:30:00.771913000,-1.0,2239500.0,75.0,2012-06-21 09:30:00.891498000,0.11958495300495997,15,2239500.0,2237500.0,2239500,2238400,2000.0,1100,512.6185499743231,43
41,16275687,2012-06-21 09:30:00.771913000,-1.0,2239500.0,75.0,2012-06-21 09:30:01.371436000,0.5995235630034585,60,2239500.0,2237500.0,2240000,2238400,2000.0,1600,512.6185499743231,43
42,16289323,2012-06-21 09:30:00.873785000,1.0,2238400.0,100.0,2012-06-21 09:30:00.874913000,0.001128027004597243,100,2239500.0,2238400.0,2239500,2237500,1100.0,2000,512.6185499743231,44
43,16352638,2012-06-21 09:30:01.290951000,-1.0,2238600.0,100.0,2012-06-21 09:30:01.291411000,0.00045958599366713315,100,2238600.0,2238400.0,2239500,2238400,200.0,1100,551.157181053778,46
44,16451737,2012-06-21 09:30:02.279049000,1.0,2238900.0,100.0,2012-06-21 09:30:07.232651000,4.953601795001305,13,2242400.0,2238900.0,2240200,2238900,3500.0,1300,563.9792335252338,56
45,16681306,2012-06-21 09:30:04.652307000,-1.0,2241000.0,1100.0,2012-06-21 09:30:11.967968000,7.315661344997352,100,2241000.0,2238900.0,2241000,2239200,2100.0,1800,563.9792335252338,75
46,16681306,2012-06-21 09:30:04.652307000,-1.0,2241000.0,1100.0,2012-06-21 09:30:11.970166000,7.317859000999306,100,2241000.0,2238900.0,2241000,2239200,2100.0,1800,563.9792335252338,75
47,16728917,2012-06-21 09:30:05.162101000,-1.0,2240700.0,100.0,2012-06-21 09:30:11.943115000,6.781013799998618,100,2240700.0,2238900.0,2240700,2239200,1800.0,1500,563.9792335252338,82
48,16799433,2012-06-21 09:30:05.919446000,-1.0,2240200.0,100.0,2012-06-21 09:30:07.319504000,1.4000580330030061,71,2240200.0,2238900.0,2240200,2239100,1300.0,1100,563.9792335252338,86
49,16799433,2012-06-21 09:30:05.919446000,-1.0,2240200.0,100.0,2012-06-21 09:30:07.359592000,1.4401461720044608,29,2240200.0,2238900.0,2240200,2239100,1300.0,1100,563.9792335252338,86
50,16811014,2012-06-21 09:30:06.151538000,-1.0,2240200.0,100.0,2012-06-21 09:30:07.359592000,1.2080547349978588,71,2240200.0,2238900.0,2240200,2239100,1300.0,1100,563.9792335252338,87
51,17030256,2012-06-21 09:30:10.910418000,-1.0,2240400.0,29.0,2012-06-21 09:30:10.966978000,0.05655967599886935,29,2240400.0,2239200.0,2240700,2239200,1200.0,1500,564.8992043817294,130
52,17063006,2012-06-21 09:30:11.618611000,-1.0,2240700.0,400.0,2012-06-21 09:30:11.943115000,0.3245036890002666,300,2240700.0,2239200.0,2240700,2239200,1500.0,1500,566.307477250804,131
53,17063006,2012-06-21 09:30:11.618611000,-1.0,2240700.0,400.0,2012-06-21 09:30:11.967040000,0.3484287350001978,100,2240700.0,2239200.0,2241000,2239200,1500.0,1800,566.307477250804,131
54,17084297,2012-06-21 09:30:12.161686000,1.0,2239300.0,100.0,2012-06-21 09:30:12.165315000,0.0036295589961810037,100,2241000.0,2239300.0,2242400,2239200,1700.0,3200,622.0478143002052,132
55,17094576,2012-06-21 09:30:12.376129000,1.0,2241300.0,100.0,2012-06-21 09:30:12.376454000,0.0003248880020692013,100,2242400.0,2241300.0,2242400,2240900,1100.0,1500,621.2074280295218,135
56,17209080,2012-06-21 09:30:16.188562000,-1.0,2242900.0,500.0,2012-06-21 09:30:19.127707999,2.9391452359996038,10,2242500.0,2240900.0,2242900,2240900,1600.0,2000,722.8202652129153,159
57,17209080,2012-06-21 09:30:16.188562000,-1.0,2242900.0,500.0,2012-06-21 09:30:19.376645000,3.1880826209962834,200,2242500.0,2240900.0,2242900,2240900,1600.0,2000,722.8202652129153,159
58,17209080,2012-06-21 09:30:16.188562000,-1.0,2242900.0,500.0,2012-06-21 09:30:19.516846000,3.3282834299971,200,2242500.0,2240900.0,2242900,2240900,1600.0,2000,722.8202652129153,159
59,17365824,2012-06-21 09:30:20.534112000,-1.0,2243000.0,1.0,2012-06-21 09:30:23.280642000,2.7465295099973446,1,2243000.0,2240900.0,2244500,2240900,2100.0,3600,964.6379195270491,163
60,17794177,2012-06-21 09:30:32.573694000,1.0,2242900.0,100.0,2012-06-21 09:30:32.573822000,0.00012830999912694097,100,2244500.0,2242900.0,2244500,2241500,1600.0,3000,1028.0966679357975,181
61,17835914,2012-06-21 09:30:33.764908000,1.0,2242400.0,100.0,2012-06-21 09:30:33.915654000,0.15074570499564288,100,2244500.0,2242400.0,2244500,2242400,2100.0,2100,1079.3855913490027,193
62,17836088,2012-06-21 09:30:33.769777000,1.0,2242400.0,100.0,2012-06-21 09:30:33.915654000,0.14587701999698766,71,2244500.0,2242400.0,2244500,2242400,2100.0,2100,1079.3855913490027,194
63,17836088,2012-06-21 09:30:33.769777000,1.0,2242400.0,100.0,2012-06-21 09:30:33.915778000,0.14600140800030204,29,2244500.0,2242400.0,2244500,2241100,2100.0,3400,1079.3855913490027,194
64,17967562,2012-06-21 09:30:37.635503000,1.0,2242500.0,67.0,2012-06-21 09:30:40.022916000,2.3874130890035303,67,2244200.0,2242500.0,2244200,2242500,1700.0,1700,1154.230331731438,200
65,18040154,2012-06-21 09:30:40.011093000,1.0,2242500.0,100.0,2012-06-21 09:30:40.022916000,0.011823273001937196,100,2244200.0,2242500.0,2244200,2241500,1700.0,2700,1154.230331731438,201
66,18040889,2012-06-21 09:30:40.023161000,1.0,2242500.0,100.0,2012-06-21 09:30:40.026563000,0.003401457994186785,100,2244200.0,2242500.0,2244200,2241000,1700.0,3200,1198.6279591161722,203
67,18041087,2012-06-21 09:30:40.026826000,1.0,2242500.0,100.0,2012-06-21 09:30:41.699711000,1.6728854950051755,100,2244200.0,2242500.0,2244200,2242500,1700.0,1700,1217.8708747053693,204
68,18041637,2012-06-21 09:30:40.033434000,1.0,2241800.0,100.0,2012-06-21 09:30:44.437776000,4.404342239999096,100,2244200.0,2242500.0,2244200,2240000,1700.0,4200,1217.8708747053693,205
69,18049859,2012-06-21 09:30:40.344836000,1.0,2242500.0,77.0,2012-06-21 09:30:42.016257000,1.6714201589929871,77,2244200.0,2242500.0,2244200,2242500,1700.0,1700,1217.8708747053693,206
70,18073344,2012-06-21 09:30:41.281690000,1.0,2238600.0,100.0,2012-06-21 09:31:13.580560000,32.29887097699975,99,2244200.0,2242500.0,2241300,2238600,1700.0,2700,1217.8708747053693,207
71,18073344,2012-06-21 09:30:41.281690000,1.0,2238600.0,100.0,2012-06-21 09:31:25.599643000,44.31795303399849,1,2244200.0,2242500.0,2241300,2238400,1700.0,2900,1217.8708747053693,207
72,18082568,2012-06-21 09:30:41.699962000,1.0,2242500.0,100.0,2012-06-21 09:30:42.016257000,0.31629471099586226,23,2244200.0,2242500.0,2244200,2242500,1700.0,1700,1235.4163037317303,208
73,18082568,2012-06-21 09:30:41.699962000,1.0,2242500.0,100.0,2012-06-21 09:30:44.430907000,2.7309451239998452,77,2244200.0,2242500.0,2244200,2242500,1700.0,1700,1235.4163037317303,208
74,18089311,2012-06-21 09:30:42.016482000,1.0,2242500.0,100.0,2012-06-21 09:30:44.430907000,2.4144251070028986,23,2244200.0,2242500.0,2244200,2242500,1700.0,1700,1266.0697160707841,209
75,18089311,2012-06-21 09:30:42.016482000,1.0,2242500.0,100.0,2012-06-21 09:30:44.433893000,2.4174109070008853,77,2244200.0,2242500.0,2244200,2242500,1700.0,1700,1266.0697160707841,209
76,18148394,2012-06-21 09:30:44.431159000,1.0,2242500.0,31.0,2012-06-21 09:30:44.433893000,0.0027333890029694885,23,2244200.0,2242500.0,2244200,2242500,1700.0,1700,1291.6971907738516,210
77,18148394,2012-06-21 09:30:44.431159000,1.0,2242500.0,31.0,2012-06-21 09:30:44.434007000,0.0028479760003392585,8,2244200.0,2242500.0,2244200,2241800,1700.0,2400,1291.6971907738516,210
78,18172812,2012-06-21 09:30:45.256417000,1.0,2241300.0,16.0,2012-06-21 09:30:45.512360000,0.2559426150037325,16,2244200.0,2241300.0,2241900,2240000,2900.0,1900,1320.4473034093717,211
79,18178733,2012-06-21 09:30:45.512186000,-1.0,2241900.0,200.0,2012-06-21 09:30:45.512866999,0.0006809759943280369,200,2241900.0,2241300.0,2244200,2240000,600.0,4200,1320.4473034093717,212
80,18433707,2012-06-21 09:30:56.455858000,1.0,2238400.0,22.0,2012-06-21 09:31:43.676517000,47.22065888700308,22,2243500.0,2238600.0,2240000,2238400,4900.0,1600,1312.7036182907718,311
81,18877451,2012-06-21 09:31:11.768672000,1.0,2238700.0,1.0,2012-06-21 09:31:13.580560000,1.8118890849946183,1,2241300.0,2238700.0,2241300,2238600,2600.0,2700,1312.7036182907718,323
82,18930320,2012-06-21 09:31:13.777957000,1.0,2239800.0,100.0,2012-06-21 09:31:13.778070000,0.00011250500392634422,65,2241300.0,2239800.0,2241300,2239800,1500.0,1500,1334.7354560633294,324
83,18930320,2012-06-21 09:31:13.777957000,1.0,2239800.0,100.0,2012-06-21 09:31:13.778072000,0.00011428900324972346,35,2241300.0,2239800.0,2241300,2238600,1500.0,2700,1334.7354560633294,324
84,18966278,2012-06-21 09:31:15.373462000,1.0,2240200.0,100.0,2012-06-21 09:31:15.373845000,0.0003832000002148561,100,2241300.0,2240200.0,2241300,2238600,1100.0,2700,1324.1955104892932,326
85,18992920,2012-06-21 09:31:16.757112000,-1.0,2240200.0,1.0,2012-06-21 09:31:20.572698000,3.815585654003371,1,2240200.0,2238600.0,2241200,2238600,1600.0,2600,1316.7463931457028,328
86,19183169,2012-06-21 09:31:24.295033000,-1.0,2241900.0,300.0,2012-06-21 09:32:14.313053000,50.01801960299781,100,2241200.0,2238600.0,2241900,2241700,2600.0,200,1309.4199505054435,330
87,19183169,2012-06-21 09:31:24.295033000,-1.0,2241900.0,300.0,2012-06-21 09:32:14.313122000,50.01808902299672,187,2241200.0,2238600.0,2241900,2241700,2600.0,200,1309.4199505054435,330
88,19183169,2012-06-21 09:31:24.295033000,-1.0,2241900.0,300.0,2012-06-21 09:32:14.313165000,50.01813149199734,13,2241200.0,2238600.0,2243600,2241700,2600.0,1900,1309.4199505054435,330
89,19233799,2012-06-21 09:31:26.016032999,1.0,2236100.0,11.0,2012-06-21 09:31:49.905402000,23.88936884600116,11,2241300.0,2238400.0,2239100,2236000,2900.0,3100,1319.5406019532795,332
90,19300526,2012-06-21 09:31:28.733529000,1.0,2238400.0,100.0,2012-06-21 09:31:43.676517000,14.9429880240059,33,2241900.0,2238400.0,2240000,2238400,3500.0,1600,1319.5406019532795,333
91,19300526,2012-06-21 09:31:28.733529000,1.0,2238400.0,100.0,2012-06-21 09:31:43.676633000,14.943104140002106,67,2241900.0,2238400.0,2240000,2236500,3500.0,3500,1319.5406019532795,333
92,19314473,2012-06-21 09:31:29.501162000,-1.0,2240500.0,100.0,2012-06-21 09:31:37.208368000,7.707206067992956,100,2240500.0,2238400.0,2240500,2238400,2100.0,2100,1319.5406019532795,334
93,19314520,2012-06-21 09:31:29.504443000,-1.0,2240500.0,100.0,2012-06-21 09:31:37.208368000,7.70392432299559,96,2240500.0,2238400.0,2240500,2238400,2100.0,2100,1319.5406019532795,335
94,19314520,2012-06-21 09:31:29.504443000,-1.0,2240500.0,100.0,2012-06-21 09:31:37.208448000,7.7040045550020295,4,2240500.0,2238400.0,2241000,2238400,2100.0,2600,1319.5406019532795,335
95,19628333,2012-06-21 09:31:43.886424000,1.0,2238000.0,100.0,2012-06-21 09:31:47.015371000,3.128947622004489,100,2240000.0,2238000.0,2240000,2236500,2000.0,3500,1332.96979852407,342
96,19791130,2012-06-21 09:31:49.729741000,1.0,2236600.0,100.0,2012-06-21 09:31:49.731365000,0.0016240760014625266,100,2239500.0,2236600.0,2239500,2236500,2900.0,3000,1351.0622249927906,355
97,19808492,2012-06-21 09:31:50.049966000,1.0,2237700.0,100.0,2012-06-21 09:31:50.050089000,0.00012283299292903394,100,2238900.0,2237700.0,2238900,2235000,1200.0,3900,1567.614828871429,361
98,19822943,2012-06-21 09:31:50.319349000,-1.0,2236000.0,1.0,2012-06-21 09:31:50.319445000,9.628199768485501e-05,1,2236000.0,2235000.0,2238200,2235000,1000.0,3200,1581.5578420520176,363
99,19823062,2012-06-21 09:31:50.320447000,-1.0,2238100.0,1.0,2012-06-21 09:32:03.960413000,13.639965777001635,1,2238100.0,2235000.0,2238200,2235000,3100.0,3200,1631.6956075063624,364
100,19846261,2012-06-21 09:31:51.248716000,1.0,2237300.0,100.0,2012-06-21 09:31:51.248830000,0.0001137730068876408,39,2238100.0,2237300.0,2238100,2237300,800.0,800,1631.6956075063624,365
101,19846261,2012-06-21 09:31:51.248716000,1.0,2237300.0,100.0,2012-06-21 09:31:51.248832000,0.00011598499986575916,61,2238100.0,2237300.0,2238100,2235000,800.0,3100,1631.6956075063624,365
102,19859519,2012-06-21 09:31:52.000164000,-1.0,2238600.0,2.0,2012-06-21 09:32:04.036795000,12.036631633003708,2,2238100.0,2235000.0,2241900,2235000,3100.0,6900,1666.7823089132314,380
103,19879921,2012-06-21 09:31:52.997741000,-1.0,2236700.0,1.0,2012-06-21 09:31:57.492217000,4.494476111001859,1,2236700.0,2235000.0,2238100,2235000,1700.0,3100,1666.7823089132314,386
104,19959875,2012-06-21 09:31:57.493706000,-1.0,2238200.0,10.0,2012-06-21 09:32:03.960413000,6.466706619001343,10,2238100.0,2235000.0,2238600,2235000,3100.0,3600,1693.991494353061,395
105,19985448,2012-06-21 09:31:58.693912000,-1.0,2237000.0,99.0,2012-06-21 09:32:00.529624000,1.8357121040098718,36,2237000.0,2235000.0,2237000,2235000,2000.0,2000,1693.991494353061,396
106,19985448,2012-06-21 09:31:58.693912000,-1.0,2237000.0,99.0,2012-06-21 09:32:02.029388000,3.3354758840068826,49,2237000.0,2235000.0,2237000,2235000,2000.0,2000,1693.991494353061,396
107,19985448,2012-06-21 09:31:58.693912000,-1.0,2237000.0,99.0,2012-06-21 09:32:02.029500000,3.3355874400003813,14,2237000.0,2235000.0,2238100,2235000,2000.0,3100,1693.991494353061,396
108,20119251,2012-06-21 09:32:04.226429000,1.0,2232500.0,10.0,2012-06-21 10:05:44.269561000,2020.0431317170005,10,2241900.0,2235000.0,2233000,2232500,6900.0,500,1749.3996378673799,400
109,20164379,2012-06-21 09:32:06.285425000,-1.0,2238900.0,100.0,2012-06-21 09:32:08.991976000,2.7065508939995198,100,2238900.0,2235000.0,2241900,2235000,3900.0,6900,1749.3996378673799,401
110,20343976,2012-06-21 09:32:14.312939000,1.0,2241700.0,200.0,2012-06-21 09:32:14.313137000,0.0001973670005099848,200,2241900.0,2241700.0,2241900,2241700,200.0,200,1744.2610470378575,407
111,20344274,2012-06-21 09:32:14.337790000,-1.0,2242800.0,1.0,2012-06-21 09:32:14.433555000,0.0957653370060143,1,2242800.0,2241700.0,2243600,2241700,1100.0,1900,1748.094830720028,413
112,20355014,2012-06-21 09:32:14.842246000,-1.0,2242500.0,50.0,2012-06-21 09:34:04.056738000,109.21449253899482,50,2242500.0,2240300.0,2242900,2242000,2200.0,900,1759.647425413531,420
113,20436930,2012-06-21 09:32:18.568645000,1.0,2241900.0,51.0,2012-06-21 09:32:18.568752000,0.00010714899690356106,51,2242500.0,2241900.0,2242500,2239400,600.0,3100,1759.647425413531,424
114,20436945,2012-06-21 09:32:18.568788000,1.0,2241800.0,100.0,2012-06-21 09:32:18.577466000,0.008677793004608247,100,2242500.0,2241800.0,2242500,2236100,700.0,6400,1760.2678005325886,425
115,20583033,2012-06-21 09:32:25.300997000,1.0,2240500.0,100.0,2012-06-21 09:32:25.912460000,0.6114622479944956,1,2242500.0,2240500.0,2242500,2240500,2000.0,2000,1759.8466033579787,440
116,20583033,2012-06-21 09:32:25.300997000,1.0,2240500.0,100.0,2012-06-21 09:32:26.151253000,0.8502548519973061,1,2242500.0,2240500.0,2242500,2240500,2000.0,2000,1759.8466033579787,440
117,20583033,2012-06-21 09:32:25.300997000,1.0,2240500.0,100.0,2012-06-21 09:32:26.342334000,1.0413366419961676,98,2242500.0,2240500.0,2242500,2235200,2000.0,7300,1759.8466033579787,440
118,20652047,2012-06-21 09:32:27.565964000,-1.0,2242000.0,200.0,2012-06-21 09:34:04.055050000,96.48908625700278,55,2242000.0,2239000.0,2242000,2240000,3000.0,2000,1738.1266566832837,445
119,20652047,2012-06-21 09:32:27.565964000,-1.0,2242000.0,200.0,2012-06-21 09:34:04.055818000,96.48985454700596,100,2242000.0,2239000.0,2242000,2240000,3000.0,2000,1738.1266566832837,445
120,20652047,2012-06-21 09:32:27.565964000,-1.0,2242000.0,200.0,2012-06-21 09:34:04.055923000,96.4899588630069,45,2242000.0,2239000.0,2242000,2240000,3000.0,2000,1738.1266566832837,445
121,20652049,2012-06-21 09:32:27.566107000,1.0,2237900.0,100.0,2012-06-21 09:32:28.591360000,1.0252528049968532,100,2242000.0,2237900.0,2241900,2235200,4100.0,6700,1738.1266566832837,446
122,20687888,2012-06-21 09:32:28.835886000,1.0,2238200.0,100.0,2012-06-21 09:32:28.836260000,0.00037416599661810324,100,2241900.0,2238200.0,2241900,2235000,3700.0,6900,1742.55625479285,450
123,20812077,2012-06-21 09:32:32.745093000,-1.0,2240000.0,200.0,2012-06-21 09:33:51.318110000,78.57301735900546,40,2240000.0,2235000.0,2240000,2236500,5000.0,3500,1743.7589290174287,456
124,20812077,2012-06-21 09:32:32.745093000,-1.0,2240000.0,200.0,2012-06-21 09:33:53.007066000,80.26197371500166,160,2240000.0,2235000.0,2241800,2236500,5000.0,5300,1743.7589290174287,456
125,20897618,2012-06-21 09:32:37.318057000,1.0,2238300.0,100.0,2012-06-21 09:32:37.318176000,0.0001189600006910041,2,2239900.0,2238300.0,2239900,2238300,1600.0,1600,1743.7589290174287,459
126,20897618,2012-06-21 09:32:37.318057000,1.0,2238300.0,100.0,2012-06-21 09:32:37.318429000,0.0003718250009114854,98,2239900.0,2238300.0,2239900,2235000,1600.0,4900,1743.7589290174287,459
127,20905801,2012-06-21 09:32:37.942362000,-1.0,2238400.0,2.0,2012-06-21 09:32:47.395508000,9.453145370003767,2,2238400.0,2235000.0,2238900,2235000,3400.0,3900,1743.9697691059775,462
128,20905802,2012-06-21 09:32:37.942477000,-1.0,2238300.0,2.0,2012-06-21 09:32:47.395508000,9.453031224998995,2,2238300.0,2235000.0,2238400,2235000,3300.0,3400,1743.9697691059775,463
129,21283999,2012-06-21 09:32:57.568088000,-1.0,2237600.0,1.0,2012-06-21 09:32:58.423656000,0.8555686450054054,1,2237600.0,2235000.0,2237600,2235000,2600.0,2600,1742.9161343672802,483
130,21284027,2012-06-21 09:32:57.569715000,-1.0,2237600.0,1.0,2012-06-21 09:32:58.423656000,0.8539412690006429,1,2237600.0,2235000.0,2238300,2235000,2600.0,3300,1742.9161343672802,484
131,21508773,2012-06-21 09:33:09.158911000,-1.0,2237700.0,1.0,2012-06-21 09:33:15.844839000,6.685927374994208,1,2237700.0,2235000.0,2237700,2235000,2700.0,2700,1755.3432253293593,492
132,21559847,2012-06-21 09:33:11.717387000,-1.0,2237700.0,100.0,2012-06-21 09:33:15.844839000,4.127451330998156,100,2237700.0,2235000.0,2237700,2235000,2700.0,2700,1755.3432253293593,493
133,21587203,2012-06-21 09:33:13.083518000,-1.0,2237700.0,100.0,2012-06-21 09:33:15.844839000,2.761321103993396,99,2237700.0,2235000.0,2237700,2235000,2700.0,2700,1755.3432253293593,494
134,21587203,2012-06-21 09:33:13.083518000,-1.0,2237700.0,100.0,2012-06-21 09:33:15.845005000,2.761487486997794,1,2237700.0,2235000.0,2239800,2235000,2700.0,4800,1755.3432253293593,494
135,21616444,2012-06-21 09:33:14.943671000,-1.0,2237500.0,100.0,2012-06-21 09:33:15.842954000,0.8992836009929306,100,2237500.0,2235000.0,2237500,2235000,2500.0,2500,1755.3432253293593,495
136,21616642,2012-06-21 09:33:14.961785000,-1.0,2237500.0,1.0,2012-06-21 09:33:15.843912000,0.8821273470020969,1,2237500.0,2235000.0,2237700,2235000,2500.0,2700,1755.3432253293593,496
137,21636092,2012-06-21 09:33:15.846948000,-1.0,2237700.0,100.0,2012-06-21 09:33:15.847114000,0.00016604099801043049,100,2237700.0,2235000.0,2239800,2235000,2700.0,4800,1783.4878732648676,497
138,21636299,2012-06-21 09:33:15.847427000,-1.0,2237700.0,100.0,2012-06-21 09:33:15.847633000,0.00020644599862862378,96,2237700.0,2235000.0,2237700,2235000,2700.0,2700,1786.6499866878046,498
139,21636299,2012-06-21 09:33:15.847427000,-1.0,2237700.0,100.0,2012-06-21 09:33:15.847654000,0.0002268980024382472,4,2237700.0,2235000.0,2239800,2235000,2700.0,4800,1786.6499866878046,498
140,21636573,2012-06-21 09:33:15.847909000,-1.0,2237700.0,100.0,2012-06-21 09:33:15.848863000,0.0009541030012769625,69,2237700.0,2235000.0,2237700,2235000,2700.0,2700,1792.37459944392,499
141,21636573,2012-06-21 09:33:15.847909000,-1.0,2237700.0,100.0,2012-06-21 09:33:15.849036000,0.001127228002587799,31,2237700.0,2235000.0,2239800,2235000,2700.0,4800,1792.37459944392,499
142,21637454,2012-06-21 09:33:15.849212000,-1.0,2237700.0,100.0,2012-06-21 09:33:15.851468000,0.0022556230032932945,100,2237700.0,2235000.0,2239800,2235000,2700.0,4800,1797.3560829420783,500
143,21638670,2012-06-21 09:33:15.851725000,-1.0,2237700.0,100.0,2012-06-21 09:33:15.873668000,0.021943785999610554,12,2237700.0,2235000.0,2237700,2235000,2700.0,2700,1799.5877014829591,502
144,21638670,2012-06-21 09:33:15.851725000,-1.0,2237700.0,100.0,2012-06-21 09:33:15.938549000,0.08682406500156503,88,2237700.0,2235000.0,2237700,2235000,2700.0,2700,1799.5877014829591,502
145,21644399,2012-06-21 09:33:15.873917000,-1.0,2237700.0,100.0,2012-06-21 09:33:15.938549000,0.06463220399746206,12,2237700.0,2235000.0,2237700,2235000,2700.0,2700,1801.6562256183297,503
146,21644399,2012-06-21 09:33:15.873917000,-1.0,2237700.0,100.0,2012-06-21 09:33:16.023181000,0.14926484500028891,88,2237700.0,2235000.0,2237700,2235000,2700.0,2700,1801.6562256183297,503
147,21650189,2012-06-21 09:33:15.938880000,-1.0,2237700.0,67.0,2012-06-21 09:33:16.023181000,0.0843014679994667,67,2237700.0,2235000.0,2239500,2235000,2700.0,4500,1805.3308566842143,504
148,21674864,2012-06-21 09:33:16.786736000,1.0,2236000.0,7.0,2012-06-21 09:45:36.020362000,739.2336261960008,7,2239900.0,2236000.0,2236500,2235000,3900.0,1500,1808.4305363987946,507
149,21806628,2012-06-21 09:33:22.779461000,-1.0,2238800.0,1.0,2012-06-21 09:33:25.798614000,3.019152943008521,1,2238800.0,2236000.0,2239900,2236000,2800.0,3900,1808.4305363987946,513
150,21866410,2012-06-21 09:33:26.543623000,1.0,2236500.0,100.0,2012-06-21 09:33:35.990785000,9.447161256000982,2,2239900.0,2236500.0,2238900,2236500,3400.0,2400,1803.615030195578,514
151,21866410,2012-06-21 09:33:26.543623000,1.0,2236500.0,100.0,2012-06-21 09:33:35.993048000,9.449424534002901,2,2239900.0,2236500.0,2238900,2236500,3400.0,2400,1803.615030195578,514
152,21866411,2012-06-21 09:33:26.543643000,-1.0,2239600.0,100.0,2012-06-21 09:33:39.523364999,12.979722698997648,100,2239600.0,2236500.0,2239600,2236500,3100.0,3100,1803.615030195578,515
153,21866417,2012-06-21 09:33:26.544100000,-1.0,2239600.0,400.0,2012-06-21 09:33:39.523364999,12.97926527600066,145,2239600.0,2236500.0,2239600,2236500,3100.0,3100,1803.615030195578,516
154,21942984,2012-06-21 09:33:32.011528000,1.0,2237600.0,100.0,2012-06-21 09:33:34.765463000,2.7539345279947156,100,2239600.0,2237600.0,2238900,2236500,2000.0,2400,1803.615030195578,519
155,22091806,2012-06-21 09:33:40.718920000,-1.0,2238600.0,43.0,2012-06-21 09:33:40.719042000,0.00012253699969733134,43,2238600.0,2236500.0,2240000,2236500,2100.0,3500,1818.6173736501944,528
156,22186797,2012-06-21 09:33:47.795747000,-1.0,2239600.0,1.0,2012-06-21 09:33:51.306279000,3.510532628999499,1,2239600.0,2236500.0,2240000,2236500,3100.0,3500,1814.4361651809184,532
157,22209500,2012-06-21 09:33:49.923702000,-1.0,2238600.0,2.0,2012-06-21 09:33:51.304092000,1.3803899440026726,2,2238600.0,2236500.0,2239600,2236500,2100.0,3100,1814.4361651809184,533
158,22338263,2012-06-21 09:33:59.626717000,-1.0,2242000.0,1.0,2012-06-21 09:34:04.055923000,4.429205815002206,1,2242000.0,2240000.0,2242500,2240000,2000.0,2500,1792.8489839427004,545
159,22450352,2012-06-21 09:34:05.747977000,1.0,2242000.0,100.0,2012-06-21 09:34:59.912601000,54.16462317799596,100,2244500.0,2242000.0,2243200,2241200,2500.0,2000,1817.2194425811738,552
160,22497468,2012-06-21 09:34:08.655118000,1.0,2238000.0,10.0,2012-06-21 09:35:10.033572000,61.37845366600959,10,2244500.0,2242000.0,2240800,2237300,2500.0,3500,1817.2194425811738,561
161,22517179,2012-06-21 09:34:09.856836000,-1.0,2244500.0,200.0,2012-06-21 09:34:09.858004000,0.0011676959984470159,100,2244500.0,2242000.0,2244500,2242000,2500.0,2500,1817.2194425811738,563
162,22517179,2012-06-21 09:34:09.856836000,-1.0,2244500.0,200.0,2012-06-21 09:34:09.860885000,0.004048729999340139,100,2244500.0,2242000.0,2245000,2242000,2500.0,3000,1817.2194425811738,563
163,22517293,2012-06-21 09:34:09.861124000,-1.0,2244500.0,125.0,2012-06-21 09:34:09.862960000,0.001835717004723847,100,2244500.0,2242000.0,2244500,2242000,2500.0,2500,1883.2446728989976,571
164,22517293,2012-06-21 09:34:09.861124000,-1.0,2244500.0,125.0,2012-06-21 09:34:09.863461000,0.0023364279986708425,21,2244500.0,2242000.0,2244500,2242000,2500.0,2500,1883.2446728989976,571
165,22517293,2012-06-21 09:34:09.861124000,-1.0,2244500.0,125.0,2012-06-21 09:34:09.960381000,0.09925640899746213,4,2244500.0,2242000.0,2245000,2242000,2500.0,3000,1883.2446728989976,571
166,22519873,2012-06-21 09:34:10.028402000,1.0,2244900.0,100.0,2012-06-21 09:34:10.049028000,0.020626265999453608,100,2247500.0,2244900.0,2247500,2242000,2600.0,5500,1972.0030211074281,572
167,22522589,2012-06-21 09:34:10.227028000,1.0,2244900.0,100.0,2012-06-21 09:34:10.227395000,0.00036646900844061747,100,2247500.0,2244900.0,2247500,2242000,2600.0,5500,2005.092879564793,573
168,22524875,2012-06-21 09:34:10.450087000,1.0,2244900.0,100.0,2012-06-21 09:34:11.033175000,0.5830882089940133,100,2247500.0,2244900.0,2246900,2242000,2600.0,4900,2036.789094527454,574
169,22527537,2012-06-21 09:34:10.718313000,-1.0,2246900.0,5.0,2012-06-21 09:34:30.501846000,19.783532744004333,5,2246900.0,2244900.0,2246900,2245700,2000.0,1200,2036.789094527454,575
170,22534667,2012-06-21 09:34:11.343925000,1.0,2244900.0,100.0,2012-06-21 09:34:14.756636000,3.4127104459985276,100,2246900.0,2244900.0,2246800,2242000,2000.0,4800,2067.179355229012,579
171,22534671,2012-06-21 09:34:11.344015000,1.0,2245800.0,100.0,2012-06-21 09:34:13.662203000,2.3181880210031522,100,2246900.0,2245800.0,2246900,2244900,1100.0,2000,2067.179355229012,580
172,22545486,2012-06-21 09:34:12.006785000,1.0,2241200.0,400.0,2012-06-21 09:35:00.116487000,48.109701601999404,1,2246900.0,2245800.0,2243200,2241200,1100.0,2000,2067.179355229012,581
173,22545486,2012-06-21 09:34:12.006785000,1.0,2241200.0,400.0,2012-06-21 09:35:00.117799000,48.11101372099802,1,2246900.0,2245800.0,2243200,2241200,1100.0,2000,2067.179355229012,581
174,22545486,2012-06-21 09:34:12.006785000,1.0,2241200.0,400.0,2012-06-21 09:35:03.003434000,50.99664897599723,300,2246900.0,2245800.0,2242500,2241200,1100.0,1300,2067.179355229012,581
175,22545486,2012-06-21 09:34:12.006785000,1.0,2241200.0,400.0,2012-06-21 09:35:04.671229000,52.664443897003366,2,2246900.0,2245800.0,2242500,2241200,1100.0,1300,2067.179355229012,581
176,22545486,2012-06-21 09:34:12.006785000,1.0,2241200.0,400.0,2012-06-21 09:35:06.996012000,54.989227084995946,96,2246900.0,2245800.0,2242300,2241200,1100.0,1100,2067.179355229012,581
177,22591862,2012-06-21 09:34:15.422076000,1.0,2244600.0,100.0,2012-06-21 09:34:15.422191000,0.00011509899923112243,100,2246800.0,2244600.0,2246800,2242000,2200.0,4800,2137.8698016706403,584
178,22672038,2012-06-21 09:34:20.314920000,-1.0,2245900.0,1.0,2012-06-21 09:34:22.880111000,2.5651912820030702,1,2245900.0,2242000.0,2246400,2242000,3900.0,4400,2160.577196228286,590
179,22702485,2012-06-21 09:34:23.081375000,1.0,2239100.0,30.0,2012-06-21 09:35:10.028901000,46.947525604002294,30,2246400.0,2242000.0,2240800,2238000,4400.0,2800,2200.6454136653615,592
180,22771332,2012-06-21 09:34:28.010685000,-1.0,2246900.0,300.0,2012-06-21 09:34:30.501846000,2.4911601260027965,19,2246900.0,2242000.0,2246900,2245700,4900.0,1200,2200.6454136653615,598
181,22771332,2012-06-21 09:34:28.010685000,-1.0,2246900.0,300.0,2012-06-21 09:34:32.208386000,4.197701073004282,200,2246900.0,2242000.0,2246900,2245700,4900.0,1200,2200.6454136653615,598
182,22771332,2012-06-21 09:34:28.010685000,-1.0,2246900.0,300.0,2012-06-21 09:34:32.215223000,4.204537732002791,81,2246900.0,2242000.0,2247500,2245700,4900.0,1800,2200.6454136653615,598
183,22783957,2012-06-21 09:34:29.128080000,-1.0,2246500.0,1.0,2012-06-21 09:34:30.498875000,1.3707951870019315,1,2246500.0,2242000.0,2246900,2245700,4500.0,1200,2200.6454136653615,602
184,22786334,2012-06-21 09:34:29.360729000,1.0,2245700.0,100.0,2012-06-21 09:34:42.378979000,13.018250125998748,100,2246500.0,2245700.0,2247300,2242000,800.0,5300,2200.6454136653615,603
185,22832361,2012-06-21 09:34:32.907859000,1.0,2247500.0,100.0,2012-06-21 09:34:32.907949000,9.037699783220887e-05,100,2247900.0,2247500.0,2247900,2245700,400.0,2200,2444.657084879244,609
186,22899420,2012-06-21 09:34:38.210036000,1.0,2245900.0,100.0,2012-06-21 09:34:42.039284000,3.8292488400038565,16,2247300.0,2245900.0,2247300,2245900,1400.0,1400,2497.949265019657,618
187,22899420,2012-06-21 09:34:38.210036000,1.0,2245900.0,100.0,2012-06-21 09:34:42.378871000,4.168835144002514,84,2247300.0,2245900.0,2247300,2245700,1400.0,1600,2497.949265019657,618
188,23027906,2012-06-21 09:34:47.007315000,-1.0,2244600.0,1.0,2012-06-21 09:34:47.007434000,0.00011837299825856462,1,2244600.0,2243900.0,2246500,2244000,700.0,2500,2577.0585762044175,663
189,23027909,2012-06-21 09:34:47.007422000,-1.0,2244500.0,2.0,2012-06-21 09:34:47.007434000,1.1106007150374353e-05,2,2244500.0,2244000.0,2244600,2244000,500.0,600,2577.0585762044175,665
190,23052675,2012-06-21 09:34:48.029954000,1.0,2243900.0,100.0,2012-06-21 09:34:49.270872000,1.2409179709939053,100,2245700.0,2243900.0,2245700,2242000,1800.0,3700,2599.405143252093,674
191,23092756,2012-06-21 09:34:50.223191000,1.0,2243700.0,100.0,2012-06-21 09:34:50.223298000,0.00010672599455574527,3,2244500.0,2243700.0,2244400,2243700,800.0,700,2604.8424825392626,704
192,23092756,2012-06-21 09:34:50.223191000,1.0,2243700.0,100.0,2012-06-21 09:34:50.223378000,0.00018667499534785748,97,2244500.0,2243700.0,2244400,2242000,800.0,2400,2604.8424825392626,704
193,23308991,2012-06-21 09:35:03.003660000,1.0,2241200.0,300.0,2012-06-21 09:35:06.996012000,3.992352167995705,300,2242500.0,2241200.0,2242300,2239100,1300.0,3200,2588.0347515890367,759
194,23516726,2012-06-21 09:35:12.230508000,-1.0,2240200.0,100.0,2012-06-21 09:35:19.585456000,7.354948399995919,83,2240000.0,2237300.0,2240200,2238600,2700.0,1600,2564.0120348476817,823
195,23516726,2012-06-21 09:35:12.230508000,-1.0,2240200.0,100.0,2012-06-21 09:35:19.585470000,7.354962149998755,17,2240000.0,2237300.0,2242600,2238600,2700.0,4000,2564.0120348476817,823
196,23543728,2012-06-21 09:35:12.700586000,-1.0,2239600.0,4.0,2012-06-21 09:35:14.469464000,1.7688787989973207,4,2239600.0,2237300.0,2239600,2237300,2300.0,2300,2564.0120348476817,825
197,23543736,2012-06-21 09:35:12.700788000,-1.0,2239600.0,77.0,2012-06-21 09:35:14.469464000,1.7686760899960063,77,2239600.0,2237300.0,2240000,2237300,2300.0,2700,2564.0120348476817,827
198,23552250,2012-06-21 09:35:12.857300000,-1.0,2240000.0,1.0,2012-06-21 09:35:19.578372000,6.721072072003153,1,2239600.0,2237300.0,2240200,2238600,2300.0,1600,2564.0120348476817,828
199,23849760,2012-06-21 09:35:30.361588000,1.0,2238800.0,75.0,2012-06-21 09:36:05.530630999,35.16904376799357,75,2242500.0,2241000.0,2239900,2236700,1500.0,3200,2533.3211390806337,856
200,23907873,2012-06-21 09:35:34.484241000,1.0,2240000.0,30.0,2012-06-21 09:35:38.702489000,4.2182483889992,30,2242400.0,2241000.0,2241300,2238800,1400.0,2500,2533.3211390806337,859
201,23917882,2012-06-21 09:35:35.373210000,1.0,2241500.0,100.0,2012-06-21 09:35:35.403711000,0.030501326997182332,100,2243300.0,2241500.0,2243500,2240000,1800.0,3500,2533.3211390806337,864
202,23955825,2012-06-21 09:35:38.702705000,-1.0,2239400.0,100.0,2012-06-21 09:35:38.702805000,9.973099804483354e-05,100,2239400.0,2238800.0,2241300,2238800,600.0,2500,2521.8103189305366,878
203,23990042,2012-06-21 09:35:40.686405000,-1.0,2242500.0,100.0,2012-06-21 09:39:29.216841000,228.53043533699383,100,2241300.0,2238800.0,2243000,2239400,2500.0,3600,2516.684326648855,901
204,24081270,2012-06-21 09:35:47.325156000,-1.0,2241500.0,100.0,2012-06-21 09:36:26.939950000,39.61479405200225,100,2241300.0,2238800.0,2241500,2238600,2500.0,2900,2516.684326648855,909
205,24104731,2012-06-21 09:35:48.205144000,1.0,2238900.0,100.0,2012-06-21 09:35:53.258915000,5.0537710589997005,100,2241300.0,2238900.0,2240000,2238800,2400.0,1200,2516.684326648855,912
206,24139782,2012-06-21 09:35:50.311976000,-1.0,2240000.0,100.0,2012-06-21 09:35:50.593011000,0.2810352129963576,30,2240000.0,2238900.0,2240000,2238900,1100.0,1100,2516.684326648855,915
207,24139782,2012-06-21 09:35:50.311976000,-1.0,2240000.0,100.0,2012-06-21 09:35:59.998919000,9.6869430739971,70,2240000.0,2238900.0,2241300,2238800,1100.0,2500,2516.684326648855,915
208,24349254,2012-06-21 09:36:04.728130000,-1.0,2240400.0,64.0,2012-06-21 09:36:26.923070000,22.194940181005222,64,2240400.0,2238800.0,2241500,2238600,1600.0,2900,2500.9513101808993,930
209,24365588,2012-06-21 09:36:05.515217999,-1.0,2239900.0,100.0,2012-06-21 09:36:25.086707000,19.57148920700274,100,2239900.0,2238800.0,2240400,2239600,1100.0,800,2500.9513101808993,931
210,24368440,2012-06-21 09:36:05.616790000,1.0,2238500.0,100.0,2012-06-21 09:36:06.021888000,0.40509796499827644,100,2239900.0,2238500.0,2239900,2236700,1400.0,3200,2497.562970193292,932
211,24487326,2012-06-21 09:36:12.664736000,1.0,2238200.0,100.0,2012-06-21 09:36:16.207969000,3.5432337719976204,100,2239900.0,2238200.0,2239900,2236000,1700.0,3900,2495.238344566054,936
212,24760732,2012-06-21 09:36:25.087155000,-1.0,2239900.0,80.0,2012-06-21 09:36:25.088605000,0.001450257004762534,80,2239900.0,2239600.0,2240400,2239600,300.0,800,2488.382678740206,958
213,24802400,2012-06-21 09:36:26.197012000,-1.0,2241500.0,200.0,2012-06-21 09:36:26.939950000,0.7429374899948016,100,2240400.0,2239600.0,2241500,2238600,800.0,2900,2482.6809494466993,964
214,24804599,2012-06-21 09:36:26.311589000,1.0,2238600.0,200.0,2012-06-21 09:38:31.655597000,125.34400837200519,10,2240400.0,2238600.0,2241000,2238600,1800.0,2400,2482.6809494466993,966
215,24804599,2012-06-21 09:36:26.311589000,1.0,2238600.0,200.0,2012-06-21 09:38:32.617720000,126.30613143200753,190,2240400.0,2238600.0,2241000,2236700,1800.0,4300,2482.6809494466993,966
216,25054870,2012-06-21 09:36:39.227766000,-1.0,2242300.0,100.0,2012-06-21 09:37:44.224783000,64.99701701099548,100,2242200.0,2238600.0,2242500,2240600,3600.0,1900,2467.096743032232,976
217,25164163,2012-06-21 09:36:46.505464000,1.0,2240800.0,100.0,2012-06-21 09:36:46.505576000,0.00011254099808866158,100,2241900.0,2240800.0,2241900,2238600,1100.0,3300,2467.096743032232,982
218,25315106,2012-06-21 09:36:56.014124000,1.0,2240400.0,200.0,2012-06-21 09:37:10.175339000,14.161215075000655,146,2241700.0,2240400.0,2241500,2240400,1300.0,1100,2461.3860213943326,989
219,25315106,2012-06-21 09:36:56.014124000,1.0,2240400.0,200.0,2012-06-21 09:37:10.176177000,14.162052069004858,54,2241700.0,2240400.0,2241500,2238600,1300.0,2900,2461.3860213943326,989
220,25473038,2012-06-21 09:37:08.397096000,-1.0,2241600.0,100.0,2012-06-21 09:37:20.268896000,11.871800548993633,100,2241600.0,2240400.0,2242300,2240400,1200.0,1900,2461.3860213943326,992
221,25482160,2012-06-21 09:37:09.118039000,-1.0,2241500.0,100.0,2012-06-21 09:37:20.247141000,11.129102217993932,100,2241500.0,2240400.0,2241600,2240400,1100.0,1200,2461.3860213943326,993
222,25604259,2012-06-21 09:37:14.373177000,1.0,2240400.0,100.0,2012-06-21 09:37:14.373547000,0.00037013799737906083,14,2241500.0,2240400.0,2241500,2240400,1100.0,1100,2449.862875194912,999
223,25604259,2012-06-21 09:37:14.373177000,1.0,2240400.0,100.0,2012-06-21 09:37:34.634445000,20.261268242997176,25,2241500.0,2240400.0,2241500,2240400,1100.0,1100,2449.862875194912,999
224,25604259,2012-06-21 09:37:14.373177000,1.0,2240400.0,100.0,2012-06-21 09:37:37.398019000,23.024841966995155,2,2241500.0,2240400.0,2241500,2240400,1100.0,1100,2449.862875194912,999
225,25604259,2012-06-21 09:37:14.373177000,1.0,2240400.0,100.0,2012-06-21 09:37:37.398772000,23.025594389997423,2,2241500.0,2240400.0,2241500,2240400,1100.0,1100,2449.862875194912,999
226,25604259,2012-06-21 09:37:14.373177000,1.0,2240400.0,100.0,2012-06-21 09:37:37.400496000,23.027318743996148,2,2241500.0,2240400.0,2241500,2240400,1100.0,1100,2449.862875194912,999
227,25604259,2012-06-21 09:37:14.373177000,1.0,2240400.0,100.0,2012-06-21 09:37:37.400564000,23.027386590991227,55,2241500.0,2240400.0,2241500,2240000,1100.0,1500,2449.862875194912,999
228,25880288,2012-06-21 09:37:33.364034000,-1.0,2241500.0,100.0,2012-06-21 09:37:41.864040000,8.500005740002962,100,2241500.0,2240400.0,2241600,2240500,1100.0,1100,2435.1303973794697,1017
229,26008683,2012-06-21 09:37:43.891361000,1.0,2240600.0,200.0,2012-06-21 09:38:03.841505000,19.95014316400193,200,2242300.0,2240600.0,2241600,2238600,1700.0,3000,2403.165915784809,1026
230,26251406,2012-06-21 09:37:55.738909000,1.0,2240800.0,100.0,2012-06-21 09:38:03.840953000,8.10204303899809,100,2242100.0,2240800.0,2241600,2240800,1300.0,800,2400.9065952829073,1040
231,26255945,2012-06-21 09:37:55.967683000,1.0,2240800.0,100.0,2012-06-21 09:38:03.840953000,7.873270053001761,79,2242100.0,2240800.0,2241600,2240800,1300.0,800,2400.9065952829073,1041
232,26255945,2012-06-21 09:37:55.967683000,1.0,2240800.0,100.0,2012-06-21 09:38:03.841037000,7.873354629002279,21,2242100.0,2240800.0,2241600,2240600,1300.0,1000,2400.9065952829073,1041
233,26311330,2012-06-21 09:37:59.898907000,-1.0,2242000.0,100.0,2012-06-21 09:39:26.818114000,86.91920725600357,100,2242000.0,2240800.0,2242500,2239800,1200.0,2700,2400.9065952829073,1043
234,26382039,2012-06-21 09:38:03.841766000,1.0,2240600.0,100.0,2012-06-21 09:38:03.856644000,0.014878161004162394,100,2241600.0,2240600.0,2241800,2238600,1000.0,3200,2380.0534272811688,1052
235,26404124,2012-06-21 09:38:04.703388000,1.0,2240200.0,100.0,2012-06-21 09:38:20.082741000,15.379353012998763,100,2241600.0,2240200.0,2241400,2240200,1400.0,1200,2374.8642420544834,1056
236,26504391,2012-06-21 09:38:10.027852000,1.0,2240200.0,100.0,2012-06-21 09:38:20.082741000,10.054888628998015,40,2241500.0,2240200.0,2241400,2240200,1300.0,1200,2374.8642420544834,1062
237,26504391,2012-06-21 09:38:10.027852000,1.0,2240200.0,100.0,2012-06-21 09:38:20.082879000,10.055026507994626,60,2241500.0,2240200.0,2241400,2239000,1300.0,2400,2374.8642420544834,1062
238,26725822,2012-06-21 09:38:20.086351000,1.0,2240000.0,200.0,2012-06-21 09:38:20.092216000,0.005864694001502357,200,2241400.0,2240000.0,2241400,2239000,1400.0,2400,2359.672795126361,1068
239,26822725,2012-06-21 09:38:23.076498000,1.0,2240100.0,79.0,2012-06-21 09:38:26.157084000,3.0805862239940325,79,2241300.0,2240100.0,2241100,2240100,1200.0,1000,2354.8102739405103,1085
240,26824533,2012-06-21 09:38:23.173259000,1.0,2240100.0,35.0,2012-06-21 09:38:26.157084000,2.983825921000971,21,2241300.0,2240100.0,2241100,2240100,1200.0,1000,2354.8102739405103,1087
241,26824533,2012-06-21 09:38:23.173259000,1.0,2240100.0,35.0,2012-06-21 09:38:26.160389000,2.987130547000561,14,2241300.0,2240100.0,2241300,2238600,1200.0,2700,2354.8102739405103,1087
242,27111446,2012-06-21 09:38:32.617953000,1.0,2238600.0,200.0,2012-06-21 09:38:32.737682000,0.1197292689976166,100,2241000.0,2238600.0,2239700,2238600,2400.0,1100,2336.565313027573,1108
243,27111446,2012-06-21 09:38:32.617953000,1.0,2238600.0,200.0,2012-06-21 09:38:32.737750000,0.11979698699724395,100,2241000.0,2238600.0,2239700,2237000,2400.0,2700,2336.565313027573,1108
244,27115888,2012-06-21 09:38:32.735850000,-1.0,2239700.0,6.0,2012-06-21 09:38:35.969366000,3.233516086002055,6,2239700.0,2238600.0,2241000,2239400,1100.0,1600,2336.565313027573,1111
245,27115977,2012-06-21 09:38:32.737964000,1.0,2238600.0,90.0,2012-06-21 09:38:32.744905000,0.006940578001376707,90,2239700.0,2238600.0,2239700,2236700,1100.0,3000,2332.9093364771425,1113
246,27252241,2012-06-21 09:38:35.969256000,1.0,2239400.0,100.0,2012-06-21 09:38:36.604735000,0.6354793499995139,100,2239700.0,2239400.0,2240700,2236400,300.0,4300,2331.0641987188114,1127
247,27345923,2012-06-21 09:38:40.600060000,1.0,2240000.0,25.0,2012-06-21 09:38:40.600163000,0.00010223699791822582,6,2240500.0,2240000.0,2240500,2240000,500.0,500,2322.8572133530524,1145
248,27345923,2012-06-21 09:38:40.600060000,1.0,2240000.0,25.0,2012-06-21 09:38:40.600188000,0.00012736200005747378,19,2240500.0,2240000.0,2240500,2236000,500.0,4500,2322.8572133530524,1145
249,28073237,2012-06-21 09:39:16.375015000,-1.0,2239600.0,100.0,2012-06-21 09:39:18.418768000,2.043753124999057,100,2239600.0,2238600.0,2241300,2239400,1000.0,1900,2313.67173225404,1178
250,28181287,2012-06-21 09:39:23.144885000,-1.0,2241200.0,100.0,2012-06-21 09:39:26.387384000,3.242498326995701,100,2241200.0,2238900.0,2242000,2239700,2300.0,2300,2309.554947271213,1224
251,28240193,2012-06-21 09:39:26.394803000,-1.0,2241600.0,100.0,2012-06-21 09:39:26.440785000,0.045982045005075634,51,2241600.0,2239700.0,2241600,2239700,1900.0,1900,2305.4105489073427,1237
252,29035435,2012-06-21 09:40:11.182036000,-1.0,2241400.0,100.0,2012-06-21 09:40:47.459157000,36.27712079399498,1,2241400.0,2237700.0,2241400,2239100,3700.0,2300,2298.608274587038,1316
253,29035435,2012-06-21 09:40:11.182036000,-1.0,2241400.0,100.0,2012-06-21 09:40:48.538256000,37.3562193789985,99,2241400.0,2237700.0,2242500,2240700,3700.0,1800,2298.608274587038,1316
254,29092003,2012-06-21 09:40:14.305412000,-1.0,2240100.0,75.0,2012-06-21 09:40:24.661889000,10.356476400003885,36,2240100.0,2238100.0,2240100,2236700,2000.0,3400,2298.608274587038,1325
255,29092003,2012-06-21 09:40:14.305412000,-1.0,2240100.0,75.0,2012-06-21 09:40:28.881319000,14.575906800004304,39,2240100.0,2238100.0,2240400,2236700,2000.0,3700,2298.608274587038,1325
256,29107250,2012-06-21 09:40:14.477257000,-1.0,2240000.0,2.0,2012-06-21 09:40:16.945843000,2.4685866159998113,2,2240000.0,2236700.0,2240100,2236700,3300.0,3400,2298.608274587038,1329
257,29171582,2012-06-21 09:40:16.945843000,1.0,2240000.0,11.0,2012-06-21 09:40:16.945951000,0.00010826100333360955,11,2240100.0,2240000.0,2240100,2236700,100.0,3400,2298.608274587038,1338
258,29189328,2012-06-21 09:40:18.023053000,-1.0,2240600.0,90.0,2012-06-21 09:40:28.904778000,10.881725033999828,90,2240100.0,2236700.0,2240600,2238800,3400.0,1800,2289.801515436597,1339
259,29264701,2012-06-21 09:40:23.000626000,-1.0,2240600.0,100.0,2012-06-21 09:40:28.904778000,5.904151536000427,10,2240100.0,2236700.0,2240600,2238800,3400.0,1800,2289.801515436597,1343
260,29264701,2012-06-21 09:40:23.000626000,-1.0,2240600.0,100.0,2012-06-21 09:40:28.904890000,5.904264136006532,90,2240100.0,2236700.0,2241400,2238800,3400.0,2600,2289.801515436597,1343
261,29353724,2012-06-21 09:40:28.120939000,-1.0,2240400.0,100.0,2012-06-21 09:40:28.881319000,0.7603801330042188,61,2240100.0,2236700.0,2240400,2236700,3400.0,3700,2285.3692733121693,1346
262,29353724,2012-06-21 09:40:28.120939000,-1.0,2240400.0,100.0,2012-06-21 09:40:28.904342000,0.7834036240019486,39,2240100.0,2236700.0,2240600,2238800,3400.0,1800,2285.3692733121693,1346
263,29366093,2012-06-21 09:40:28.881572000,1.0,2240100.0,19.0,2012-06-21 09:40:28.881691000,0.00011971400817856193,19,2240400.0,2240100.0,2240400,2236700,300.0,3700,2276.486767603919,1347
264,29423206,2012-06-21 09:40:31.649945000,-1.0,2242500.0,50.0,2012-06-21 09:40:56.122473000,24.472527990001254,50,2241400.0,2237500.0,2243000,2238900,3900.0,4100,2254.657867746615,1368
265,29426472,2012-06-21 09:40:31.914887000,-1.0,2241100.0,100.0,2012-06-21 09:40:47.424036000,15.509148501005257,33,2241100.0,2237500.0,2241100,2237500,3600.0,3600,2254.657867746615,1370
266,29426472,2012-06-21 09:40:31.914887000,-1.0,2241100.0,100.0,2012-06-21 09:40:47.425056000,15.510169435001444,67,2241100.0,2237500.0,2241200,2237500,3600.0,3700,2254.657867746615,1370
267,29586814,2012-06-21 09:40:43.674332000,-1.0,2241200.0,100.0,2012-06-21 09:40:47.425056000,3.7507242360006785,33,2241100.0,2237500.0,2241200,2237500,3600.0,3700,2254.657867746615,1377
268,29639018,2012-06-21 09:40:46.567607000,-1.0,2241000.0,100.0,2012-06-21 09:40:47.423546000,0.8559386329943663,33,2241000.0,2237500.0,2241000,2237500,3500.0,3500,2254.657867746615,1379
269,29639018,2012-06-21 09:40:46.567607000,-1.0,2241000.0,100.0,2012-06-21 09:40:47.424036000,0.8564284599997336,67,2241000.0,2237500.0,2241100,2237500,3500.0,3600,2254.657867746615,1379
270,29742099,2012-06-21 09:40:48.554576000,-1.0,2241500.0,17.0,2012-06-21 09:40:48.554670000,9.395199595019221e-05,1,2241500.0,2241100.0,2241500,2241100,400.0,400,2228.1684252484383,1411
271,29742099,2012-06-21 09:40:48.554576000,-1.0,2241500.0,17.0,2012-06-21 09:40:52.428055000,3.8734785080014262,16,2241500.0,2241100.0,2241700,2240900,400.0,800,2228.1684252484383,1411
272,29776872,2012-06-21 09:40:50.094391000,-1.0,2241700.0,100.0,2012-06-21 09:40:55.772629000,5.678238747997966,100,2241500.0,2240900.0,2242500,2238600,600.0,3900,2224.922499595148,1415
273,29827095,2012-06-21 09:40:52.524795000,1.0,2240900.0,33.0,2012-06-21 09:40:52.524894000,9.995299478759989e-05,33,2241700.0,2240900.0,2241700,2238600,800.0,3100,2221.689231574419,1423
274,29877071,2012-06-21 09:40:55.630757000,-1.0,2241600.0,200.0,2012-06-21 09:40:55.772081000,0.14132470200274838,200,2241600.0,2238600.0,2241600,2238600,3000.0,3000,2217.731264511374,1433
275,29879335,2012-06-21 09:40:55.744277000,-1.0,2241600.0,100.0,2012-06-21 09:40:55.772081000,0.027804269004263915,100,2241600.0,2238600.0,2241700,2238600,3000.0,3100,2217.731264511374,1434
276,29884188,2012-06-21 09:40:56.032501000,-1.0,2242400.0,100.0,2012-06-21 09:40:56.055815000,0.023313162004342303,100,2242400.0,2239100.0,2242500,2239100,3300.0,3400,2208.890162345254,1450
277,29884526,2012-06-21 09:40:56.059601000,-1.0,2242400.0,100.0,2012-06-21 09:40:56.084623000,0.025021794994245283,100,2242400.0,2239100.0,2242500,2239100,3300.0,3400,2207.9066443639417,1452
278,29888132,2012-06-21 09:40:56.288388000,-1.0,2243000.0,100.0,2012-06-21 09:40:56.338337000,0.04994892700051423,100,2243000.0,2238900.0,2243500,2238900,4100.0,4600,2206.2146094048794,1457
279,29888461,2012-06-21 09:40:56.306515000,-1.0,2242300.0,100.0,2012-06-21 09:40:56.306628000,0.00011323799844831228,20,2242300.0,2238900.0,2242300,2238900,3400.0,3400,2206.2146094048794,1459
280,29888461,2012-06-21 09:40:56.306515000,-1.0,2242300.0,100.0,2012-06-21 09:40:56.314211000,0.007695731001149397,80,2242300.0,2238900.0,2243000,2238900,3400.0,4100,2206.2146094048794,1459
281,29890117,2012-06-21 09:40:56.428048000,-1.0,2244300.0,100.0,2012-06-21 09:40:56.429919000,0.0018708329953369685,100,2244300.0,2239700.0,2244300,2239700,4600.0,4600,2204.613376483981,1470
282,29890122,2012-06-21 09:40:56.428138000,-1.0,2244300.0,100.0,2012-06-21 09:40:56.513995000,0.08585693300119601,100,2244300.0,2239700.0,2244300,2239700,4600.0,4600,2204.613376483981,1471
283,29890902,2012-06-21 09:40:56.487767000,-1.0,2244300.0,100.0,2012-06-21 09:40:56.513995000,0.02622778300428763,100,2244300.0,2239700.0,2244400,2239700,4600.0,4700,2212.201755523862,1474
284,29892445,2012-06-21 09:40:56.563739000,-1.0,2244400.0,100.0,2012-06-21 09:40:56.584705000,0.020966237992979586,100,2244400.0,2239700.0,2244500,2239700,4700.0,4800,2226.8995623696756,1481
285,29893743,2012-06-21 09:40:56.596915000,-1.0,2244200.0,100.0,2012-06-21 09:40:56.597008000,9.255800250684842e-05,100,2244200.0,2239700.0,2244500,2239700,4500.0,4800,2234.614056447071,1482
286,30260897,2012-06-21 09:41:16.388896000,1.0,2242300.0,100.0,2012-06-21 09:41:28.470027000,12.081131513004948,100,2244000.0,2242300.0,2243100,2240000,1700.0,3100,2240.9998474800227,1541
287,30359025,2012-06-21 09:41:24.795438000,1.0,2242400.0,200.0,2012-06-21 09:41:26.029888000,1.2344503040003474,186,2243500.0,2242400.0,2243200,2242400,1100.0,800,2240.9998474800227,1576
288,30359025,2012-06-21 09:41:24.795438000,1.0,2242400.0,200.0,2012-06-21 09:41:26.029963000,1.2345255940017523,14,2243500.0,2242400.0,2243200,2242300,1100.0,900,2240.9998474800227,1576
289,30361835,2012-06-21 09:41:25.090077000,1.0,2242500.0,100.0,2012-06-21 09:41:26.027285000,0.9372083650014247,100,2243500.0,2242600.0,2243500,2242500,900.0,1000,2240.9998474800227,1579
290,30361972,2012-06-21 09:41:25.092790000,1.0,2242500.0,4.0,2012-06-21 09:41:26.027285000,0.9344953289983096,4,2243500.0,2242600.0,2243500,2242500,900.0,1000,2240.9998474800227,1580
291,30369493,2012-06-21 09:41:25.223132000,1.0,2242500.0,10.0,2012-06-21 09:41:26.027285000,0.8041535110023688,10,2243500.0,2242500.0,2243500,2242400,1000.0,1100,2240.9998474800227,1584
292,30377900,2012-06-21 09:41:26.030149000,1.0,2242400.0,100.0,2012-06-21 09:41:26.126201000,0.09605223700054921,100,2243000.0,2242400.0,2243000,2242300,600.0,700,2234.943034337591,1587
293,30661910,2012-06-21 09:41:39.778306000,-1.0,2241300.0,1.0,2012-06-21 09:41:39.778414000,0.00010830599785549566,1,2241300.0,2239200.0,2241400,2239200,2100.0,2200,2231.84535000699,1676
294,30661949,2012-06-21 09:41:39.778436000,-1.0,2241200.0,1.0,2012-06-21 09:41:39.778554000,0.00011765400995500386,1,2241200.0,2239200.0,2242400,2239200,2000.0,3200,2228.3643160093798,1677
295,30862067,2012-06-21 09:41:53.724073000,-1.0,2240700.0,1.0,2012-06-21 09:41:53.724168000,9.552600386086851e-05,1,2240700.0,2238800.0,2240800,2238800,1900.0,2000,2224.804860155971,1751
296,30862071,2012-06-21 09:41:53.724174000,-1.0,2240600.0,2.0,2012-06-21 09:41:53.724175000,1.1740048648789525e-06,1,2240600.0,2238800.0,2240600,2238800,1800.0,1800,2221.0212666032103,1752
297,30862071,2012-06-21 09:41:53.724174000,-1.0,2240600.0,2.0,2012-06-21 09:41:53.724262000,8.82540043676272e-05,1,2240600.0,2238800.0,2242100,2238800,1800.0,3300,2221.0212666032103,1752
298,31399907,2012-06-21 09:42:21.218272000,1.0,2237400.0,140.0,2012-06-21 09:42:21.720831000,0.502559498003393,100,2238400.0,2237400.0,2238200,2237400,1000.0,800,2213.506887715721,1957
299,31399907,2012-06-21 09:42:21.218272000,1.0,2237400.0,140.0,2012-06-21 09:42:21.720947000,0.5026748560048873,40,2238400.0,2237400.0,2238200,2237400,1000.0,800,2213.506887715721,1957
300,31400027,2012-06-21 09:42:21.220931000,1.0,2237400.0,100.0,2012-06-21 09:42:21.720947000,0.5000160839990713,60,2238400.0,2237400.0,2238200,2237400,1000.0,800,2213.506887715721,1963
301,31400027,2012-06-21 09:42:21.220931000,1.0,2237400.0,100.0,2012-06-21 09:42:21.844996000,0.624065589006932,40,2238400.0,2237400.0,2238000,2236000,1000.0,2000,2213.506887715721,1963
302,31422087,2012-06-21 09:42:21.858087000,-1.0,2237700.0,200.0,2012-06-21 09:42:32.339414000,10.48132656999951,200,2237700.0,2236000.0,2238200,2236000,1700.0,2200,2229.772559403014,1980
303,31462516,2012-06-21 09:42:23.752814000,-1.0,2237400.0,100.0,2012-06-21 09:42:32.339262000,8.58644812800776,100,2237400.0,2236000.0,2237400,2236000,1400.0,1400,2229.772559403014,1990
304,31486027,2012-06-21 09:42:25.485063000,-1.0,2236900.0,4.0,2012-06-21 09:42:25.882757000,0.3976940540014766,4,2236900.0,2236000.0,2237400,2236000,900.0,1400,2229.772559403014,1999
305,31486478,2012-06-21 09:42:25.493519000,-1.0,2236900.0,10.0,2012-06-21 09:42:25.882757000,0.3892375239956891,10,2236900.0,2236000.0,2236900,2236000,900.0,900,2229.772559403014,2004
306,31523574,2012-06-21 09:42:27.658413000,-1.0,2238200.0,100.0,2012-06-21 09:42:32.343999000,4.685585268009163,100,2237400.0,2236000.0,2239100,2236000,1400.0,3100,2242.450335037419,2009
307,31538742,2012-06-21 09:42:28.246070000,-1.0,2237400.0,100.0,2012-06-21 09:42:32.339262000,4.093192428008479,96,2237400.0,2236000.0,2237400,2236000,1400.0,1400,2242.450335037419,2013
308,31538742,2012-06-21 09:42:28.246070000,-1.0,2237400.0,100.0,2012-06-21 09:42:32.339271000,4.0932016860024305,4,2237400.0,2236000.0,2237700,2236000,1400.0,1700,2242.450335037419,2013
309,31557736,2012-06-21 09:42:29.169840000,-1.0,2237300.0,2.0,2012-06-21 09:42:29.169995000,0.00015545200585620478,2,2237300.0,2236000.0,2237400,2236000,1300.0,1400,2242.450335037419,2014
310,31558469,2012-06-21 09:42:29.173024000,-1.0,2237300.0,1.0,2012-06-21 09:42:29.173121000,9.713799954624847e-05,1,2237300.0,2236000.0,2237400,2236000,1300.0,1400,2246.5723012514136,2015
311,31560825,2012-06-21 09:42:29.189517000,-1.0,2237300.0,4.0,2012-06-21 09:42:32.339262000,3.1497451399991405,4,2237300.0,2236000.0,2237400,2236000,1300.0,1400,2250.608542474947,2017
312,31758692,2012-06-21 09:42:41.928683000,-1.0,2239900.0,100.0,2012-06-21 09:42:41.929695000,0.0010127220011781901,100,2239900.0,2237300.0,2241200,2237300,2600.0,3900,2266.588267094095,2108
313,32004540,2012-06-21 09:42:53.289828000,1.0,2238600.0,100.0,2012-06-21 09:43:27.208795000,33.9189671750064,2,2240000.0,2238600.0,2239800,2238600,1400.0,1200,2263.1856495737757,2210
314,32004540,2012-06-21 09:42:53.289828000,1.0,2238600.0,100.0,2012-06-21 09:43:27.208884000,33.91905623200728,98,2240000.0,2238600.0,2239800,2238600,1400.0,1200,2263.1856495737757,2210
315,32175697,2012-06-21 09:43:02.875929000,1.0,2237800.0,100.0,2012-06-21 09:43:31.188037000,28.312107275000017,100,2239900.0,2238600.0,2238600,2237800,1300.0,800,2263.1856495737757,2231
316,32552429,2012-06-21 09:43:26.033764000,1.0,2238600.0,100.0,2012-06-21 09:43:27.208884000,1.1751200529979542,100,2239600.0,2238600.0,2239800,2237800,1000.0,2000,2263.1856495737757,2273
317,32612597,2012-06-21 09:43:27.305989000,1.0,2237800.0,100.0,2012-06-21 09:43:31.188119000,3.8821300319978036,100,2238700.0,2237800.0,2238600,2236000,900.0,2600,2259.80430245967,2301
318,32886579,2012-06-21 09:43:38.107159000,-1.0,2238300.0,100.0,2012-06-21 09:43:45.417464000,7.310305078004603,67,2238300.0,2236000.0,2238300,2237100,2300.0,1200,2262.552799172523,2362
319,32886579,2012-06-21 09:43:38.107159000,-1.0,2238300.0,100.0,2012-06-21 09:43:45.422678000,7.3155194360006135,33,2238300.0,2236000.0,2239600,2237100,2300.0,2500,2262.552799172523,2362
320,32886584,2012-06-21 09:43:38.107289000,-1.0,2238200.0,1.0,2012-06-21 09:43:44.081153000,5.973863512001117,1,2238200.0,2236000.0,2238300,2237100,2200.0,1200,2262.552799172523,2364
321,33490587,2012-06-21 09:44:13.411434000,-1.0,2237300.0,200.0,2012-06-21 09:44:13.411814000,0.0003795320008066483,200,2237300.0,2236300.0,2239300,2236300,1000.0,3000,2261.7378240826592,2634
322,33681960,2012-06-21 09:44:27.039093000,1.0,2237100.0,100.0,2012-06-21 09:44:29.622257000,2.5831641480035614,100,2238400.0,2237100.0,2237700,2236000,1300.0,1700,2264.948929301442,2761
323,33697755,2012-06-21 09:44:28.556977000,-1.0,2237700.0,100.0,2012-06-21 09:44:44.059810000,15.502832847996615,100,2237700.0,2237100.0,2239200,2236000,600.0,3200,2264.948929301442,2766
324,33741791,2012-06-21 09:44:30.472284000,-1.0,2237100.0,9.0,2012-06-21 09:44:32.311455000,1.8391707159971702,9,2237100.0,2236000.0,2237600,2236000,1100.0,1600,2268.9754365659833,2778
325,33793939,2012-06-21 09:44:33.166177000,-1.0,2237500.0,100.0,2012-06-21 09:44:41.192016000,8.025839116999123,100,2237500.0,2236000.0,2237700,2236000,1500.0,1700,2272.9232340263284,2781
326,33864812,2012-06-21 09:44:41.251786999,-1.0,2237500.0,9.0,2012-06-21 09:44:43.654042000,2.4022549539949978,9,2237500.0,2236000.0,2237700,2236000,1500.0,1700,2275.112446595328,2786
327,33898768,2012-06-21 09:44:44.060068000,-1.0,2237700.0,100.0,2012-06-21 09:44:44.060169000,0.00010150599700864404,100,2237700.0,2236000.0,2239200,2236000,1700.0,3200,2278.5909483843675,2789
328,34148448,2012-06-21 09:45:01.875618000,-1.0,2237700.0,9.0,2012-06-21 09:45:25.450474000,23.574855648992525,9,2237700.0,2236500.0,2238700,2236500,1200.0,2200,2416.3695872420585,2832
329,34204826,2012-06-21 09:45:05.477075000,-1.0,2237600.0,100.0,2012-06-21 09:45:11.365095000,5.888020280995988,100,2237600.0,2236500.0,2237700,2236500,1100.0,1200,2416.3695872420585,2807
330,34501307,2012-06-21 09:45:24.538813000,-1.0,2238700.0,29.0,2012-06-21 09:48:44.282991000,199.74417827199795,29,2237700.0,2236500.0,2239000,2237500,1200.0,1500,2467.4983231479146,2777
331,34514451,2012-06-21 09:45:25.542538000,-1.0,2237800.0,9.0,2012-06-21 09:45:27.261050999,1.718512549996376,9,2237800.0,2236500.0,2238700,2236600,1300.0,2100,2468.3855928201842,2786
332,34525513,2012-06-21 09:45:25.747417000,1.0,2236600.0,100.0,2012-06-21 09:45:35.979646000,10.232228558001225,100,2237800.0,2236600.0,2238300,2236600,1200.0,1700,2468.3855928201842,2791
333,34553336,2012-06-21 09:45:27.996250000,1.0,2236600.0,100.0,2012-06-21 09:45:35.979646000,7.9833955130015966,100,2238700.0,2236600.0,2238300,2236600,2100.0,1700,2468.8325835327523,2806
334,34651479,2012-06-21 09:45:34.940137000,1.0,2236700.0,100.0,2012-06-21 09:45:35.096307000,0.1561701160026132,1,2238300.0,2236700.0,2238300,2236700,1600.0,1600,2473.0362319690853,2803
335,34651494,2012-06-21 09:45:34.941002000,1.0,2236600.0,100.0,2012-06-21 09:45:35.979646000,1.0386434070023824,100,2238300.0,2236700.0,2238300,2236600,1600.0,1700,2473.0362319690853,2804
336,34669031,2012-06-21 09:45:35.950804000,1.0,2236600.0,99.0,2012-06-21 09:45:35.979646000,0.028841310006100684,99,2238300.0,2236600.0,2238300,2236000,1700.0,2300,2478.4285147348764,2809
337,34669956,2012-06-21 09:45:36.020262000,-1.0,2236500.0,900.0,2012-06-21 09:45:40.832772000,4.812509497001884,100,2236500.0,2236000.0,2236500,2236000,500.0,500,2500.907463978296,2820
338,34669956,2012-06-21 09:45:36.020262000,-1.0,2236500.0,900.0,2012-06-21 09:45:40.832882000,4.812619242002256,149,2236500.0,2236000.0,2236500,2236000,500.0,500,2500.907463978296,2820
339,34669956,2012-06-21 09:45:36.020262000,-1.0,2236500.0,900.0,2012-06-21 09:45:40.867511000,4.847247999001411,300,2236500.0,2236000.0,2236500,2236000,500.0,500,2500.907463978296,2820
340,34669956,2012-06-21 09:45:36.020262000,-1.0,2236500.0,900.0,2012-06-21 09:45:40.867608000,4.8473452199978055,351,2236500.0,2236000.0,2238400,2236000,500.0,2400,2500.907463978296,2820
341,34702268,2012-06-21 09:45:38.932291000,-1.0,2235800.0,100.0,2012-06-21 09:45:40.161684000,1.2293930020023254,100,2235800.0,2235000.0,2236500,2235000,800.0,1500,2509.6855143501452,2832
342,34730213,2012-06-21 09:45:40.480086000,1.0,2236000.0,100.0,2012-06-21 09:45:51.598248000,11.118162793994998,100,2236500.0,2236000.0,2237300,2234900,500.0,2400,2522.225385044267,2835
343,34971444,2012-06-21 09:45:49.920799000,1.0,2236200.0,100.0,2012-06-21 09:45:51.598166000,1.6773670309994486,100,2238000.0,2236200.0,2237300,2236000,1800.0,1300,2557.1496979242593,2908
344,35153871,2012-06-21 09:45:55.969334000,1.0,2236900.0,100.0,2012-06-21 09:45:55.969457000,0.0001229839981533587,100,2237200.0,2236900.0,2237200,2235100,300.0,2100,2570.6579991271606,2899
345,35313365,2012-06-21 09:46:05.948977000,-1.0,2236600.0,100.0,2012-06-21 09:46:06.577679000,0.6287019449955551,100,2236600.0,2235500.0,2236600,2235500,1100.0,1100,2573.0561687738445,2918
346,35313367,2012-06-21 09:46:05.949116000,-1.0,2236500.0,1.0,2012-06-21 09:46:06.541343000,0.5922273730029701,1,2236500.0,2235500.0,2236600,2235500,1000.0,1100,2573.0561687738445,2919
347,35313436,2012-06-21 09:46:05.960333000,-1.0,2236700.0,1300.0,2012-06-21 09:46:24.057291000,18.09695863300294,100,2236500.0,2235500.0,2236700,2235500,1000.0,1200,2573.0561687738445,2921
348,35525051,2012-06-21 09:46:24.013311000,-1.0,2237200.0,9.0,2012-06-21 09:46:26.309307000,2.2959962079985416,9,2236700.0,2235500.0,2237400,2235500,1200.0,1900,2607.374242317977,2926
349,35526224,2012-06-21 09:46:24.059560000,-1.0,2237400.0,1300.0,2012-06-21 09:47:27.603218000,63.543658238995704,431,2236700.0,2235500.0,2237400,2236600,1200.0,800,2610.4366667989148,2928
350,35904980,2012-06-21 09:46:49.586751000,1.0,2236100.0,300.0,2012-06-21 09:47:14.238172000,24.651420989001053,193,2237400.0,2236100.0,2236300,2236100,1300.0,200,2640.8071560537287,2969
351,35904980,2012-06-21 09:46:49.586751000,1.0,2236100.0,300.0,2012-06-21 09:47:14.238247000,24.65149559499696,107,2237400.0,2236100.0,2236300,2235500,1300.0,800,2640.8071560537287,2969
352,36048714,2012-06-21 09:47:01.602214000,-1.0,2238100.0,1000.0,2012-06-21 09:47:37.072084000,35.469869717999245,80,2237300.0,2236600.0,2238100,2236600,700.0,1500,2604.2629627548818,2940
353,36048714,2012-06-21 09:47:01.602214000,-1.0,2238100.0,1000.0,2012-06-21 09:47:37.072088000,35.469874276001065,200,2237300.0,2236600.0,2238100,2236600,700.0,1500,2604.2629627548818,2940
354,36048714,2012-06-21 09:47:01.602214000,-1.0,2238100.0,1000.0,2012-06-21 09:47:37.072563000,35.47034950499801,200,2237300.0,2236600.0,2238100,2236600,700.0,1500,2604.2629627548818,2940
355,36048714,2012-06-21 09:47:01.602214000,-1.0,2238100.0,1000.0,2012-06-21 09:47:37.093020000,35.49080596100248,200,2237300.0,2236600.0,2238100,2236600,700.0,1500,2604.2629627548818,2940
356,36048714,2012-06-21 09:47:01.602214000,-1.0,2238100.0,1000.0,2012-06-21 09:47:37.093107000,35.49089251799887,320,2237300.0,2236600.0,2238100,2236600,700.0,1500,2604.2629627548818,2940
357,36059835,2012-06-21 09:47:02.735314000,-1.0,2237300.0,16.0,2012-06-21 09:47:27.600390000,24.86507646999962,16,2237300.0,2236600.0,2237400,2236600,700.0,800,2599.085925246378,2941
358,36205078,2012-06-21 09:47:14.228801000,-1.0,2236400.0,305.0,2012-06-21 09:47:15.896177000,1.667376088007586,288,2236400.0,2236100.0,2236400,2236100,300.0,300,2610.4960888154105,2943
359,36205078,2012-06-21 09:47:14.228801000,-1.0,2236400.0,305.0,2012-06-21 09:47:15.896257000,1.6674563420019695,17,2236400.0,2236100.0,2236400,2236100,300.0,300,2610.4960888154105,2943
360,36205082,2012-06-21 09:47:14.228945000,-1.0,2236300.0,3.0,2012-06-21 09:47:15.896177000,1.6672313989984104,3,2236300.0,2236100.0,2236300,2236100,200.0,200,2610.4960888154105,2944
361,36205521,2012-06-21 09:47:14.294613000,-1.0,2236300.0,9.0,2012-06-21 09:47:15.896177000,1.6015632839989848,9,2236300.0,2236100.0,2236400,2236100,200.0,300,2626.206031431626,2949
362,36205530,2012-06-21 09:47:14.296112000,-1.0,2236400.0,10.0,2012-06-21 09:47:15.896257000,1.6001445750007406,10,2236300.0,2236100.0,2237300,2236100,200.0,1200,2626.206031431626,2950
363,36228547,2012-06-21 09:47:16.351104000,1.0,2236500.0,100.0,2012-06-21 09:47:17.256278000,0.9051730889987084,7,2237300.0,2236500.0,2237300,2236500,800.0,800,2666.46858228887,2946
364,36261972,2012-06-21 09:47:19.841235000,-1.0,2237100.0,59.0,2012-06-21 09:47:20.894216000,1.0529801000011503,59,2237100.0,2236600.0,2237300,2236600,500.0,700,2676.715242120162,2944
365,36365599,2012-06-21 09:47:27.648179000,-1.0,2237500.0,6.0,2012-06-21 09:47:31.969753000,4.321573695997358,6,2237500.0,2236600.0,2237700,2236600,900.0,1100,2693.6697719616172,2950
366,36405428,2012-06-21 09:47:31.973628000,1.0,2237500.0,94.0,2012-06-21 09:47:34.858091000,2.8844627020007465,94,2237900.0,2237500.0,2238100,2236600,400.0,1500,2698.1771211066452,2950
367,36424516,2012-06-21 09:47:34.859121000,-1.0,2238000.0,100.0,2012-06-21 09:47:36.958266000,2.0991458970020176,100,2238000.0,2236600.0,2238100,2236600,1400.0,1500,2697.377883972644,2955
368,36441425,2012-06-21 09:47:35.861548000,-1.0,2238100.0,100.0,2012-06-21 09:47:37.093107000,1.2315588319979724,72,2238000.0,2236600.0,2238100,2236600,1400.0,1500,2697.377883972644,2967
369,36770435,2012-06-21 09:48:06.528319000,-1.0,2238100.0,3.0,2012-06-21 09:48:15.977497000,9.449178540999128,3,2238100.0,2236600.0,2238500,2236600,1500.0,1900,2694.0114781053426,3019
370,36814418,2012-06-21 09:48:08.304977000,-1.0,2238500.0,100.0,2012-06-21 09:48:43.389889000,35.084911690995796,100,2238100.0,2236600.0,2238500,2237500,1500.0,1000,2694.0114781053426,3029
371,36976091,2012-06-21 09:48:18.428793000,-1.0,2238300.0,100.0,2012-06-21 09:48:20.456106000,2.0273121549980715,43,2238300.0,2236600.0,2238300,2236600,1700.0,1700,2712.6780374951204,3034
372,36976091,2012-06-21 09:48:18.428793000,-1.0,2238300.0,100.0,2012-06-21 09:48:21.847478000,3.4186845290023484,50,2238300.0,2236600.0,2238300,2236600,1700.0,1700,2712.6780374951204,3034
373,36976091,2012-06-21 09:48:18.428793000,-1.0,2238300.0,100.0,2012-06-21 09:48:24.648719000,6.21992579200014,7,2238300.0,2236600.0,2238400,2236600,1700.0,1800,2712.6780374951204,3034
374,37123300,2012-06-21 09:48:29.194033000,-1.0,2238500.0,28.0,2012-06-21 09:48:43.389889000,14.195855578996998,28,2238500.0,2237400.0,2238500,2237500,1100.0,1000,2707.5553567029438,3058
375,37168710,2012-06-21 09:48:33.938942000,-1.0,2238500.0,100.0,2012-06-21 09:48:43.389889000,9.45094722200156,72,2238500.0,2237500.0,2238500,2237500,1000.0,1000,2707.5553567029438,3064
376,37168710,2012-06-21 09:48:33.938942000,-1.0,2238500.0,100.0,2012-06-21 09:48:43.390648000,9.451706562002073,28,2238500.0,2237500.0,2238700,2237500,1000.0,1200,2707.5553567029438,3064
377,37289834,2012-06-21 09:48:44.408807000,-1.0,2239700.0,9.0,2012-06-21 09:48:48.864529000,4.4557222930016,7,2239700.0,2237500.0,2239700,2238100,2200.0,1600,2694.7723921723027,3070
378,37289834,2012-06-21 09:48:44.408807000,-1.0,2239700.0,9.0,2012-06-21 09:48:48.864606000,4.455798594004591,2,2239700.0,2237500.0,2240300,2238100,2200.0,2200,2694.7723921723027,3070
379,37354091,2012-06-21 09:48:49.484889000,1.0,2239600.0,100.0,2012-06-21 09:49:06.271511000,16.78662197599624,100,2240300.0,2239600.0,2240800,2239600,700.0,1200,2683.3556848783564,3090
380,37407271,2012-06-21 09:48:53.770697000,1.0,2239600.0,100.0,2012-06-21 09:49:06.271805000,12.50110787099402,100,2240500.0,2239600.0,2240800,2239600,900.0,1200,2704.744311151615,3093
381,37450628,2012-06-21 09:48:55.960155000,-1.0,2241300.0,1300.0,2012-06-21 09:52:32.948377000,216.98822170600033,65,2240600.0,2239600.0,2241300,2239800,1000.0,1500,2704.744311151615,3101
382,37637875,2012-06-21 09:49:06.271754000,1.0,2239600.0,43.0,2012-06-21 09:49:06.271862000,0.00010830199607880786,43,2240800.0,2239600.0,2240800,2238100,1200.0,2700,2713.0699435858733,3117
383,37926808,2012-06-21 09:49:23.639708000,-1.0,2238600.0,9.0,2012-06-21 09:49:23.639827000,0.00011941699631279334,9,2238600.0,2237400.0,2239200,2237400,1200.0,1800,2518.3574406750135,3141
384,37953214,2012-06-21 09:49:26.652104000,-1.0,2238600.0,9.0,2012-06-21 09:49:26.652202000,9.794600191526115e-05,9,2238600.0,2237400.0,2239200,2237400,1200.0,1800,2513.859837499665,3145
385,37953231,2012-06-21 09:49:26.653820000,-1.0,2239100.0,9.0,2012-06-21 09:49:33.817938000,7.164117719999922,9,2239100.0,2237400.0,2239500,2237400,1700.0,2100,2509.3830815726355,3146
386,38150384,2012-06-21 09:49:35.849885000,-1.0,2239200.0,100.0,2012-06-21 09:49:39.895625000,4.045740230001684,100,2239200.0,2237400.0,2240200,2237400,1800.0,2800,2225.74968868953,3172
387,38444803,2012-06-21 09:49:56.898684000,-1.0,2239500.0,200.0,2012-06-21 09:49:57.738621000,0.8399378890098887,100,2239500.0,2237400.0,2239500,2237400,2100.0,2100,2003.4364776132504,3128
388,38463083,2012-06-21 09:49:57.771509000,-1.0,2240500.0,100.0,2012-06-21 09:50:06.287754000,8.516245040002104,2,2240100.0,2237400.0,2240500,2238500,2700.0,2000,1998.5052289855798,3140
389,38675835,2012-06-21 09:50:08.758703000,-1.0,2240000.0,100.0,2012-06-21 09:52:18.217350000,129.458647381005,100,2240000.0,2238300.0,2240100,2238400,1700.0,1700,1996.6372564747858,3164
390,38960264,2012-06-21 09:50:32.360818000,-1.0,2238100.0,400.0,2012-06-21 09:50:32.386893000,0.02607437999540707,400,2238100.0,2237600.0,2239500,2237400,500.0,2100,2028.0514780902217,3193
391,38960266,2012-06-21 09:50:32.360940000,-1.0,2238100.0,17.0,2012-06-21 09:50:32.386893000,0.02595201099757105,17,2238100.0,2237600.0,2238100,2237400,500.0,700,2028.0514780902217,3194
392,38960664,2012-06-21 09:50:32.388071000,-1.0,2238100.0,100.0,2012-06-21 09:50:32.390057000,0.00198611799714854,100,2238100.0,2237400.0,2239500,2237400,700.0,2100,2021.4120734855953,3205
393,38961463,2012-06-21 09:50:32.491646000,-1.0,2238400.0,100.0,2012-06-21 09:50:33.236870000,0.7452237389952643,100,2238400.0,2237400.0,2239500,2238100,1000.0,1400,2018.1053826677712,3209
394,39079741,2012-06-21 09:50:39.839861000,-1.0,2240100.0,4.0,2012-06-21 09:52:18.942261000,99.10240033599257,1,2239800.0,2238100.0,2240100,2238500,1700.0,1600,2022.9388180522792,3210
395,39079741,2012-06-21 09:50:39.839861000,-1.0,2240100.0,4.0,2012-06-21 09:52:19.972934000,100.13307324500056,3,2239800.0,2238100.0,2240400,2238700,1700.0,1700,2022.9388180522792,3210
396,39255272,2012-06-21 09:50:49.515171000,1.0,2238600.0,100.0,2012-06-21 09:51:00.105368000,10.59019679199264,14,2239800.0,2238600.0,2239400,2238600,1200.0,800,2022.9388180522792,3212
397,39255272,2012-06-21 09:50:49.515171000,1.0,2238600.0,100.0,2012-06-21 09:51:00.105398000,10.590226385989808,86,2239800.0,2238600.0,2239400,2237700,1200.0,1700,2022.9388180522792,3212
398,39317628,2012-06-21 09:50:53.099155000,-1.0,2239600.0,100.0,2012-06-21 09:50:53.779091000,0.679935881998972,7,2239600.0,2238600.0,2239600,2238600,1000.0,1000,2027.6247310243325,3217
399,39317628,2012-06-21 09:50:53.099155000,-1.0,2239600.0,100.0,2012-06-21 09:50:53.779258000,0.6801028729969403,7,2239600.0,2238600.0,2239600,2238600,1000.0,1000,2027.6247310243325,3217
400,39317628,2012-06-21 09:50:53.099155000,-1.0,2239600.0,100.0,2012-06-21 09:50:57.083918000,3.9847627660055878,86,2239600.0,2238600.0,2239800,2238600,1000.0,1200,2027.6247310243325,3217
401,39368236,2012-06-21 09:50:57.083918000,1.0,2239600.0,14.0,2012-06-21 09:50:57.084033000,0.0001145169953815639,14,2239800.0,2239600.0,2239800,2238600,200.0,1200,2022.3262494797914,3215
402,39372988,2012-06-21 09:50:57.199305000,-1.0,2239000.0,100.0,2012-06-21 09:50:57.199406000,0.00010131500312127173,100,2239000.0,2238600.0,2239800,2238600,400.0,1200,2012.0404568950785,3220
403,39630909,2012-06-21 09:51:18.746278000,-1.0,2238800.0,100.0,2012-06-21 09:51:25.288092000,6.541813980002189,100,2238800.0,2237400.0,2239600,2237400,1400.0,2200,2015.310052913695,3251
404,39697832,2012-06-21 09:51:22.732545000,-1.0,2238300.0,100.0,2012-06-21 09:51:25.287100000,2.5545555299977423,100,2238300.0,2237400.0,2238800,2237400,900.0,1400,2015.310052913695,3252
405,39740140,2012-06-21 09:51:25.290042000,-1.0,2238300.0,100.0,2012-06-21 09:51:25.290163000,0.00012060000153724104,100,2238300.0,2237400.0,2239600,2237400,900.0,2200,2016.011146797164,3247
406,39742965,2012-06-21 09:51:25.294930000,-1.0,2238700.0,100.0,2012-06-21 09:51:25.295408000,0.00047704100143164396,2,2238700.0,2237600.0,2238700,2237600,1100.0,1100,2012.0508642928214,3254
407,39742965,2012-06-21 09:51:25.294930000,-1.0,2238700.0,100.0,2012-06-21 09:51:25.296016000,0.001085215000784956,98,2238700.0,2237600.0,2239700,2237600,1100.0,2100,2012.0508642928214,3254
408,39746851,2012-06-21 09:51:25.300634000,-1.0,2238700.0,100.0,2012-06-21 09:51:25.301401000,0.000767221994465217,88,2238700.0,2237600.0,2238700,2237600,1100.0,1100,2002.5889883216857,3257
409,39746851,2012-06-21 09:51:25.300634000,-1.0,2238700.0,100.0,2012-06-21 09:51:25.301728000,0.0010943159941234626,12,2238700.0,2237600.0,2239700,2237600,1100.0,2100,2002.5889883216857,3257
410,39815279,2012-06-21 09:51:27.677106000,1.0,2237800.0,4.0,2012-06-21 09:51:27.782278000,0.10517193200212205,2,2240000.0,2237800.0,2239600,2237800,2200.0,1800,1994.0697498549648,3284
411,39815279,2012-06-21 09:51:27.677106000,1.0,2237800.0,4.0,2012-06-21 09:51:27.784093000,0.10698725099791773,1,2240000.0,2237800.0,2239600,2237800,2200.0,1800,1994.0697498549648,3284
412,39914065,2012-06-21 09:51:35.157480000,-1.0,2239600.0,100.0,2012-06-21 09:51:59.436726000,24.279245618992718,100,2239600.0,2237800.0,2240000,2238100,1800.0,1900,1989.2107983234457,3298
413,40148548,2012-06-21 09:51:52.515225999,-1.0,2239100.0,100.0,2012-06-21 09:51:54.725173000,2.2099461800025892,99,2239100.0,2238000.0,2239100,2238000,1100.0,1100,1991.135912543948,3304
414,40168052,2012-06-21 09:51:54.724072000,-1.0,2239100.0,100.0,2012-06-21 09:51:56.119937000,1.3958651610009838,100,2239100.0,2238000.0,2239600,2238000,1100.0,1600,1991.135912543948,3306
415,40495428,2012-06-21 09:52:20.100262000,-1.0,2241000.0,100.0,2012-06-21 09:52:29.431738000,9.331475729995873,100,2240700.0,2238500.0,2241100,2239800,2200.0,1300,1973.6422544618074,3349
416,40508148,2012-06-21 09:52:21.832717000,-1.0,2241300.0,2.0,2012-06-21 09:52:32.953373000,11.120655795995845,2,2240700.0,2238500.0,2241800,2239800,2200.0,2000,1969.5507889585829,3346
417,40508745,2012-06-21 09:52:21.931629000,-1.0,2241800.0,16.0,2012-06-21 09:52:33.015808000,11.084179183002561,16,2241000.0,2239800.0,2241800,2239800,1200.0,2000,1969.5507889585829,3351
418,40532472,2012-06-21 09:52:25.071488000,-1.0,2240900.0,100.0,2012-06-21 09:52:29.431206000,4.359717263003404,100,2240900.0,2239800.0,2241000,2239800,1100.0,1200,1969.5507889585829,3355
419,40581088,2012-06-21 09:52:29.436064000,-1.0,2241100.0,100.0,2012-06-21 09:52:32.889877000,3.453813073996571,7,2241100.0,2239800.0,2241100,2239800,1300.0,1300,1967.3962216778166,3368
420,40581088,2012-06-21 09:52:29.436064000,-1.0,2241100.0,100.0,2012-06-21 09:52:32.947825000,3.5117618320000474,93,2241100.0,2239800.0,2241100,2239800,1300.0,1300,1967.3962216778166,3368
421,40583483,2012-06-21 09:52:29.818518000,-1.0,2241100.0,100.0,2012-06-21 09:52:32.947825000,3.1293076439978904,100,2241100.0,2239800.0,2241300,2239800,1300.0,1500,1967.3962216778166,3375
422,40613011,2012-06-21 09:52:32.950552000,-1.0,2241800.0,1300.0,2012-06-21 09:52:33.015808000,0.06525628000235884,173,2241300.0,2239800.0,2241800,2239800,1500.0,2000,1966.4021904858564,3375
423,40746697,2012-06-21 09:52:42.489570000,-1.0,2242400.0,100.0,2012-06-21 09:52:47.571258000,5.081688240999938,100,2242400.0,2241100.0,2242400,2241200,1300.0,1200,1988.1779838998955,3444
424,40750522,2012-06-21 09:52:42.944974000,-1.0,2242400.0,100.0,2012-06-21 09:52:47.571258000,4.626283286001126,100,2242400.0,2241100.0,2242500,2241200,1300.0,1300,1988.1779838998955,3446
425,40758612,2012-06-21 09:52:43.831030000,-1.0,2242900.0,2.0,2012-06-21 09:52:47.989384000,4.1583534219971625,2,2242400.0,2241200.0,2243000,2241300,1200.0,1700,1988.1779838998955,3450
426,40810136,2012-06-21 09:52:47.124417000,-1.0,2242600.0,100.0,2012-06-21 09:52:47.571859000,0.44744155000080355,100,2242400.0,2241200.0,2242900,2241200,1200.0,1700,1981.3136462766179,3446
427,40920920,2012-06-21 09:52:50.526852000,-1.0,2243300.0,100.0,2012-06-21 09:52:50.527854000,0.0010022249989560805,100,2243300.0,2241200.0,2243400,2241200,2100.0,2200,2016.2456557811656,3485
428,40926723,2012-06-21 09:52:50.892757000,-1.0,2244200.0,100.0,2012-06-21 09:52:57.204956000,6.31219940000301,100,2244200.0,2241500.0,2244200,2243200,2700.0,1000,2030.667709655089,3517
429,40984134,2012-06-21 09:52:53.969741000,1.0,2243200.0,100.0,2012-06-21 09:53:22.703556000,28.733814949999214,100,2244200.0,2243200.0,2244100,2242900,1000.0,1200,2030.667709655089,3536
430,41024672,2012-06-21 09:52:56.166814000,-1.0,2244200.0,100.0,2012-06-21 09:52:57.204956000,1.0381416660020477,100,2244200.0,2243200.0,2245000,2243200,1000.0,1800,2030.667709655089,3549
431,41117013,2012-06-21 09:53:00.553782000,-1.0,2245000.0,100.0,2012-06-21 09:53:11.043009000,10.489226368001255,100,2245000.0,2243600.0,2245100,2244000,1400.0,1100,2076.8690112634604,3569
432,41263735,2012-06-21 09:53:11.040422000,-1.0,2244900.0,100.0,2012-06-21 09:53:11.043009000,0.00258707300235983,100,2244900.0,2244000.0,2245000,2244000,900.0,1000,2091.4491985224026,3573
433,41295308,2012-06-21 09:53:13.769760000,1.0,2244300.0,100.0,2012-06-21 09:53:21.895658000,8.125897193000128,100,2245000.0,2244300.0,2245000,2243200,700.0,1800,2154.0661503992983,3581
434,41381916,2012-06-21 09:53:21.998117000,-1.0,2244100.0,100.0,2012-06-21 09:53:34.330607000,12.332489435000753,93,2244100.0,2243200.0,2244100,2242900,900.0,1200,2195.2781096336985,3598
435,41381916,2012-06-21 09:53:21.998117000,-1.0,2244100.0,100.0,2012-06-21 09:53:34.330667000,12.332549284998095,7,2244100.0,2243200.0,2244100,2242900,900.0,1200,2195.2781096336985,3598
436,41385048,2012-06-21 09:53:22.074620000,-1.0,2244100.0,100.0,2012-06-21 09:53:34.330667000,12.256046226000763,100,2244100.0,2243200.0,2244900,2242900,900.0,2000,2195.2781096336985,3600
437,41415896,2012-06-21 09:53:23.280432000,1.0,2243200.0,100.0,2012-06-21 09:53:24.675657000,1.3952242720042705,90,2244000.0,2243200.0,2243900,2243200,800.0,700,2206.129585949112,3602
438,41415896,2012-06-21 09:53:23.280432000,1.0,2243200.0,100.0,2012-06-21 09:53:26.533213999,3.2527821070034406,10,2244000.0,2243200.0,2243900,2242900,800.0,1000,2206.129585949112,3602
439,41426239,2012-06-21 09:53:24.466681000,-1.0,2243900.0,100.0,2012-06-21 09:53:34.318264000,9.851583260999178,100,2243900.0,2243200.0,2243900,2242900,700.0,1000,2206.129585949112,3601
440,41519164,2012-06-21 09:53:28.866055000,-1.0,2243900.0,100.0,2012-06-21 09:53:34.318264000,5.452208872004121,100,2243900.0,2242900.0,2244000,2242900,1000.0,1100,2242.1887563113,3621
441,41564968,2012-06-21 09:53:32.760273000,-1.0,2244000.0,7.0,2012-06-21 09:53:34.330607000,1.5703335319994949,7,2243900.0,2242900.0,2244100,2242900,1000.0,1200,2266.7268918913046,3615
442,41589681,2012-06-21 09:53:34.381327000,-1.0,2244600.0,100.0,2012-06-21 09:53:46.399239000,12.01791175299877,100,2244600.0,2242900.0,2244600,2242900,1700.0,1700,2363.520626099971,3636
443,41624272,2012-06-21 09:53:36.514432000,-1.0,2244800.0,16.0,2012-06-21 09:53:46.399788000,9.88535519099969,16,2244600.0,2242900.0,2245200,2242900,1700.0,2300,2369.4419586847594,3642
444,41731080,2012-06-21 09:53:46.025577000,-1.0,2244600.0,100.0,2012-06-21 09:53:46.399239000,0.3736614019944682,100,2244600.0,2242900.0,2244600,2242900,1700.0,1700,2387.125113123724,3634
445,41733057,2012-06-21 09:53:46.198783000,-1.0,2244600.0,100.0,2012-06-21 09:53:46.399239000,0.20045554199168691,100,2244600.0,2242900.0,2244700,2242900,1700.0,1800,2387.125113123724,3635
446,41743086,2012-06-21 09:53:46.524284000,-1.0,2245100.0,100.0,2012-06-21 09:54:07.537977000,21.013693497006898,25,2245100.0,2243200.0,2245100,2244900,1900.0,200,2466.616305792208,3659
447,41743086,2012-06-21 09:53:46.524284000,-1.0,2245100.0,100.0,2012-06-21 09:54:07.539323000,21.015039445002913,25,2245100.0,2243200.0,2245100,2244900,1900.0,200,2466.616305792208,3659
448,41743086,2012-06-21 09:53:46.524284000,-1.0,2245100.0,100.0,2012-06-21 09:54:07.540697000,21.01641328500409,50,2245100.0,2243200.0,2245500,2244900,1900.0,600,2466.616305792208,3659
449,41767111,2012-06-21 09:53:48.393725000,-1.0,2244500.0,25.0,2012-06-21 09:53:48.393836000,0.00011110000195913017,25,2244500.0,2243100.0,2245100,2243100,1400.0,2000,2466.616305792208,3686
450,41878375,2012-06-21 09:53:58.633409000,-1.0,2245000.0,100.0,2012-06-21 09:54:07.530215000,8.896805583994137,100,2245000.0,2243000.0,2245000,2244200,2000.0,800,2483.523288307613,3724
451,41878589,2012-06-21 09:53:58.639336000,-1.0,2245000.0,100.0,2012-06-21 09:54:07.530447000,8.891110860000481,100,2245000.0,2243000.0,2245100,2244200,2000.0,900,2483.523288307613,3726
452,41969623,2012-06-21 09:54:07.547657000,-1.0,2245500.0,100.0,2012-06-21 09:54:08.121649000,0.5739920959968003,18,2245500.0,2244900.0,2245500,2244900,600.0,600,2586.906093571854,3733
453,41969623,2012-06-21 09:54:07.547657000,-1.0,2245500.0,100.0,2012-06-21 09:54:08.123904000,0.576246935997915,82,2245500.0,2244900.0,2245500,2244900,600.0,600,2586.906093571854,3733
454,41970547,2012-06-21 09:54:07.634183000,-1.0,2245500.0,100.0,2012-06-21 09:54:08.123904000,0.4897202309948625,18,2245500.0,2244900.0,2245500,2244900,600.0,600,2586.906093571854,3734
455,41970547,2012-06-21 09:54:07.634183000,-1.0,2245500.0,100.0,2012-06-21 09:54:08.126417000,0.4922336730014649,82,2245500.0,2244900.0,2245500,2244900,600.0,600,2586.906093571854,3734
456,41975486,2012-06-21 09:54:08.125228000,-1.0,2245500.0,100.0,2012-06-21 09:54:08.126417000,0.001189109003462363,18,2245500.0,2244900.0,2245500,2244900,600.0,600,2654.5831418967246,3739
457,41975486,2012-06-21 09:54:08.125228000,-1.0,2245500.0,100.0,2012-06-21 09:54:09.872566000,1.7473376039997675,82,2245500.0,2244900.0,2246000,2244200,600.0,1800,2654.5831418967246,3739
458,42002430,2012-06-21 09:54:09.969743000,1.0,2244200.0,100.0,2012-06-21 09:54:20.044333000,10.074589119998564,100,2246000.0,2244300.0,2245900,2243800,1700.0,2100,2716.417328818895,3752
459,42042699,2012-06-21 09:54:12.700510000,1.0,2246700.0,100.0,2012-06-21 09:54:12.700616000,0.00010573000326985493,12,2246900.0,2246700.0,2246900,2246700,200.0,200,2716.417328818895,3779
460,42042699,2012-06-21 09:54:12.700510000,1.0,2246700.0,100.0,2012-06-21 09:54:12.700630000,0.00012017300468869507,88,2246900.0,2246700.0,2246900,2246700,200.0,200,2716.417328818895,3779
461,42042701,2012-06-21 09:54:12.700600000,1.0,2246700.0,100.0,2012-06-21 09:54:12.700630000,3.0462004360742867e-05,12,2246900.0,2246700.0,2246900,2246700,200.0,200,2716.417328818895,3780
462,42042708,2012-06-21 09:54:12.700803000,-1.0,2246700.0,100.0,2012-06-21 09:54:12.700964000,0.00016100899665616453,100,2246700.0,2244800.0,2246900,2244900,1900.0,2000,2809.0592070991747,3781
463,42042751,2012-06-21 09:54:12.701577000,1.0,2246700.0,100.0,2012-06-21 09:54:12.701689000,0.00011232899851165712,100,2246900.0,2246700.0,2246900,2246700,200.0,200,2838.0461893421507,3788
464,42042782,2012-06-21 09:54:12.702583000,1.0,2246700.0,100.0,2012-06-21 09:54:12.702684000,0.00010140800441149622,100,2246900.0,2246700.0,2246900,2245100,200.0,1800,2866.156511849501,3794
465,42042869,2012-06-21 09:54:12.706002000,-1.0,2246900.0,100.0,2012-06-21 09:54:12.934570000,0.22856764300377108,100,2246900.0,2244900.0,2247000,2244900,2000.0,2100,2893.4280298332287,3802
466,42067312,2012-06-21 09:54:13.026783000,1.0,2245400.0,100.0,2012-06-21 09:54:19.996110000,6.969327559003432,100,2246900.0,2245400.0,2246800,2244300,1500.0,2500,2921.950525762305,3825
467,42126873,2012-06-21 09:54:17.487601000,1.0,2245900.0,100.0,2012-06-21 09:54:19.985435000,2.497834388006595,100,2246900.0,2245900.0,2246900,2245400,1000.0,1500,2921.950525762305,3824
468,42179189,2012-06-21 09:54:21.059136000,1.0,2242300.0,100.0,2012-06-21 09:54:25.982241000,4.92310547100351,2,2243300.0,2243000.0,2243100,2242300,300.0,800,2965.068085985549,3885
469,42179189,2012-06-21 09:54:21.059136000,1.0,2242300.0,100.0,2012-06-21 09:54:25.984432000,4.92529594500229,2,2243300.0,2243000.0,2243100,2242300,300.0,800,2965.068085985549,3885
470,42224924,2012-06-21 09:54:26.435367000,-1.0,2243300.0,95.0,2012-06-21 09:54:39.649200000,13.213833358000556,20,2243300.0,2242300.0,2243300,2242300,1000.0,1000,2963.8204735386607,3876
471,42238843,2012-06-21 09:54:27.768205000,-1.0,2243600.0,200.0,2012-06-21 09:54:42.177627000,14.409422415992594,125,2243300.0,2242300.0,2243600,2241800,1000.0,1800,2973.7946374042954,3871
472,42238843,2012-06-21 09:54:27.768205000,-1.0,2243600.0,200.0,2012-06-21 09:54:42.178326000,14.410121027998684,75,2243300.0,2242300.0,2243600,2241800,1000.0,1800,2973.7946374042954,3871
473,42351902,2012-06-21 09:54:40.369566000,-1.0,2243600.0,100.0,2012-06-21 09:54:42.178326000,1.8087602370069362,25,2243200.0,2241800.0,2243600,2241800,1400.0,1800,2976.970005428867,3867
474,42351902,2012-06-21 09:54:40.369566000,-1.0,2243600.0,100.0,2012-06-21 09:54:42.180312000,1.8107463040068978,75,2243200.0,2241800.0,2243900,2241800,1400.0,2100,2976.970005428867,3867
475,42352772,2012-06-21 09:54:40.383389000,-1.0,2243200.0,75.0,2012-06-21 09:54:42.177627000,1.7942386139984592,75,2243200.0,2241800.0,2243600,2241800,1400.0,1800,2976.970005428867,3869
476,42352781,2012-06-21 09:54:40.383505000,-1.0,2243100.0,2.0,2012-06-21 09:54:41.308043000,0.9245375090031303,2,2243100.0,2241800.0,2243200,2241800,1300.0,1400,2976.970005428867,3870
477,42367377,2012-06-21 09:54:41.462558000,-1.0,2243900.0,100.0,2012-06-21 09:54:42.180312000,0.7177538620017003,25,2243200.0,2241800.0,2243900,2241800,1400.0,2100,2976.1505683901137,3872
478,42367377,2012-06-21 09:54:41.462558000,-1.0,2243900.0,100.0,2012-06-21 09:54:42.185336000,0.7227776860017912,75,2243200.0,2241800.0,2244200,2243400,1400.0,800,2976.1505683901137,3872
479,42395405,2012-06-21 09:54:42.211130000,-1.0,2244400.0,100.0,2012-06-21 09:54:42.212649000,0.0015181259950622916,100,2244400.0,2243400.0,2244700,2243400,1000.0,1300,2985.5472564916563,3899
480,42410025,2012-06-21 09:54:42.272253000,-1.0,2244500.0,100.0,2012-06-21 09:54:42.714894000,0.44264090900105657,100,2244500.0,2243400.0,2245000,2243400,1100.0,1600,2990.569963237924,3909
481,42568823,2012-06-21 09:54:52.813224000,-1.0,2244400.0,150.0,2012-06-21 09:57:34.760803000,161.94757852300245,30,2244100.0,2242200.0,2244400,2243700,1900.0,700,2996.02118002412,4013
482,42568823,2012-06-21 09:54:52.813224000,-1.0,2244400.0,150.0,2012-06-21 09:57:34.764027000,161.95080279000103,100,2244100.0,2242200.0,2244400,2243700,1900.0,700,2996.02118002412,4013
483,42568823,2012-06-21 09:54:52.813224000,-1.0,2244400.0,150.0,2012-06-21 09:57:34.764583000,161.95135895500425,20,2244100.0,2242200.0,2244500,2243700,1900.0,800,2996.02118002412,4013
484,42576043,2012-06-21 09:54:53.686668000,1.0,2242500.0,100.0,2012-06-21 09:54:58.999654000,5.312985395998112,6,2244100.0,2242500.0,2243800,2242500,1600.0,1300,2996.02118002412,4014
485,42576043,2012-06-21 09:54:53.686668000,1.0,2242500.0,100.0,2012-06-21 09:54:59.089979000,5.403310785994108,75,2244100.0,2242500.0,2243800,2242500,1600.0,1300,2996.02118002412,4014
486,42576043,2012-06-21 09:54:53.686668000,1.0,2242500.0,100.0,2012-06-21 09:54:59.090327000,5.4036591069962014,19,2244100.0,2242500.0,2243800,2241900,1600.0,1900,2996.02118002412,4014
487,42655612,2012-06-21 09:54:59.162796000,-1.0,2243800.0,100.0,2012-06-21 09:55:08.107718000,8.944922233997204,100,2243300.0,2241400.0,2244100,2241800,1900.0,2300,2985.6028757477243,4057
488,42681048,2012-06-21 09:54:59.596242000,-1.0,2243500.0,19.0,2012-06-21 09:55:08.098311000,8.502069547997962,19,2242900.0,2241400.0,2243800,2241500,1500.0,2300,2985.6028757477243,4071
489,42686894,2012-06-21 09:54:59.848998000,-1.0,2243200.0,3.0,2012-06-21 09:55:08.088866000,8.23986775099911,3,2243200.0,2241400.0,2243400,2241300,1800.0,2100,2985.6028757477243,4078
490,42749450,2012-06-21 09:55:05.105664000,-1.0,2243400.0,18.0,2012-06-21 09:55:08.094284000,2.9886207969975658,1,2243100.0,2241200.0,2243400,2241400,1900.0,2000,2985.6028757477243,4081
491,42749450,2012-06-21 09:55:05.105664000,-1.0,2243400.0,18.0,2012-06-21 09:55:08.094355000,2.9886916100003873,2,2243100.0,2241200.0,2243400,2241400,1900.0,2000,2985.6028757477243,4081
492,42749450,2012-06-21 09:55:05.105664000,-1.0,2243400.0,18.0,2012-06-21 09:55:08.094746000,2.989082245992904,15,2243100.0,2241200.0,2243500,2241400,1900.0,2100,2985.6028757477243,4081
493,42777308,2012-06-21 09:55:07.875137000,-1.0,2242500.0,2.0,2012-06-21 09:55:07.875480000,0.0003431409932090901,2,2242500.0,2241200.0,2243200,2241200,1300.0,2000,2985.6028757477243,4094
494,42777327,2012-06-21 09:55:07.875378000,-1.0,2242400.0,3.0,2012-06-21 09:55:07.875480000,0.00010227000166196376,3,2242400.0,2241200.0,2242500,2241200,1200.0,1300,2985.6028757477243,4095
495,42794827,2012-06-21 09:55:08.110516000,-1.0,2244100.0,100.0,2012-06-21 09:55:11.313168000,3.2026523839958827,22,2244100.0,2241800.0,2244100,2242400,2300.0,1700,2976.9995753529515,4121
496,43005603,2012-06-21 09:55:23.825706000,-1.0,2243000.0,100.0,2012-06-21 09:55:26.468161000,2.6424549109942745,96,2243000.0,2241200.0,2243000,2241200,1800.0,1800,2991.3708070975686,4191
497,43005603,2012-06-21 09:55:23.825706000,-1.0,2243000.0,100.0,2012-06-21 09:55:26.468293000,2.6425871849933174,4,2243000.0,2241200.0,2243100,2241200,1800.0,1900,2991.3708070975686,4191
498,43028221,2012-06-21 09:55:25.587559000,-1.0,2242800.0,100.0,2012-06-21 09:55:26.467919000,0.8803603839987773,100,2242800.0,2241200.0,2243000,2241200,1600.0,1800,2997.4546720426706,4194
499,43037528,2012-06-21 09:55:26.469517000,-1.0,2243900.0,5.0,2012-06-21 09:55:30.050094000,3.58057717000338,5,2243700.0,2241300.0,2243900,2241600,2400.0,2300,2990.0874701293706,4200
500,43037529,2012-06-21 09:55:26.469537000,-1.0,2243900.0,16.0,2012-06-21 09:55:30.050094000,3.580557087007037,16,2243700.0,2241300.0,2243900,2241600,2400.0,2300,2990.0874701293706,4201
501,43037532,2012-06-21 09:55:26.469720000,-1.0,2243800.0,78.0,2012-06-21 09:55:29.541162000,3.0714417429990135,78,2243700.0,2241300.0,2243800,2241600,2400.0,2200,2990.0874701293706,4203
502,43037547,2012-06-21 09:55:26.470416000,-1.0,2243800.0,18.0,2012-06-21 09:55:29.541162000,3.070745265002188,18,2243700.0,2241500.0,2243800,2241600,2200.0,2200,2990.0874701293706,4210
503,43037963,2012-06-21 09:55:26.533269000,-1.0,2243800.0,17.0,2012-06-21 09:55:29.541162000,3.0078927310023573,17,2243800.0,2241600.0,2243900,2241600,2200.0,2300,2990.0874701293706,4220
504,43046167,2012-06-21 09:55:27.420513000,-1.0,2243900.0,200.0,2012-06-21 09:55:30.050094000,2.6295810010051355,62,2243800.0,2241600.0,2243900,2241600,2200.0,2300,2990.0874701293706,4223
505,43046167,2012-06-21 09:55:27.420513000,-1.0,2243900.0,200.0,2012-06-21 09:55:30.530653999,3.1101412139978493,138,2243800.0,2241600.0,2243900,2241600,2200.0,2300,2990.0874701293706,4223
506,43064451,2012-06-21 09:55:29.541589000,-1.0,2243900.0,200.0,2012-06-21 09:55:30.530653999,0.9890652129979571,62,2243900.0,2241600.0,2243900,2241600,2300.0,2300,3035.3711532980815,4207
507,43064451,2012-06-21 09:55:29.541589000,-1.0,2243900.0,200.0,2012-06-21 09:55:30.530755000,0.9891654930033837,19,2243900.0,2241600.0,2243900,2241600,2300.0,2300,3035.3711532980815,4207
508,43064451,2012-06-21 09:55:29.541589000,-1.0,2243900.0,200.0,2012-06-21 09:55:30.530757000,0.9891683879977791,100,2243900.0,2241600.0,2243900,2241600,2300.0,2300,3035.3711532980815,4207
509,43064458,2012-06-21 09:55:29.542211000,-1.0,2243900.0,18.0,2012-06-21 09:55:30.533024000,0.9908132529963041,18,2243900.0,2241600.0,2243900,2241600,2300.0,2300,3035.3711532980815,4208
510,43064466,2012-06-21 09:55:29.542728000,-1.0,2243900.0,17.0,2012-06-21 09:55:30.533024000,0.9902961729967501,17,2243900.0,2241600.0,2243900,2241600,2300.0,2300,3035.3711532980815,4209
511,43073730,2012-06-21 09:55:30.530875000,-1.0,2243900.0,200.0,2012-06-21 09:55:30.533024000,0.00214933499955805,65,2243900.0,2241600.0,2243900,2241600,2300.0,2300,3039.7984873696937,4208
512,43073730,2012-06-21 09:55:30.530875000,-1.0,2243900.0,200.0,2012-06-21 09:55:30.594576000,0.06370105899986811,135,2243900.0,2241600.0,2244000,2241600,2300.0,2400,3039.7984873696937,4208
513,43074592,2012-06-21 09:55:30.594795000,-1.0,2243900.0,200.0,2012-06-21 09:55:30.601243000,0.006448476000514347,100,2243900.0,2241600.0,2243900,2241600,2300.0,2300,3041.029251010507,4215
514,43074592,2012-06-21 09:55:30.594795000,-1.0,2243900.0,200.0,2012-06-21 09:55:30.602614000,0.007818609003152233,100,2243900.0,2241600.0,2244000,2243400,2300.0,600,3041.029251010507,4215
515,43074642,2012-06-21 09:55:30.602836000,-1.0,2243900.0,200.0,2012-06-21 09:55:31.332951000,0.7301153159933165,100,2243900.0,2243400.0,2243900,2243400,500.0,500,3041.32581348441,4218
516,43074642,2012-06-21 09:55:30.602836000,-1.0,2243900.0,200.0,2012-06-21 09:56:55.561415000,84.9585792719954,100,2243900.0,2243400.0,2244000,2243700,500.0,300,3041.32581348441,4218
517,43095832,2012-06-21 09:55:33.140696000,1.0,2243400.0,100.0,2012-06-21 09:55:34.662898000,1.5222015230028774,100,2243900.0,2243400.0,2243900,2243400,500.0,500,3041.398739481065,4216
518,43100505,2012-06-21 09:55:33.658933000,1.0,2243400.0,100.0,2012-06-21 09:55:34.662898000,1.0039642740011914,100,2243900.0,2243400.0,2243900,2243400,500.0,500,3041.398739481065,4219
519,43101799,2012-06-21 09:55:33.838059000,-1.0,2244500.0,2.0,2012-06-21 09:57:34.768122000,120.93006321299617,2,2243900.0,2243400.0,2245200,2243700,500.0,1500,3041.398739481065,4220
520,43102762,2012-06-21 09:55:33.985512000,1.0,2243400.0,100.0,2012-06-21 09:55:34.663142000,0.6776297320029698,100,2243900.0,2243400.0,2243900,2242000,500.0,1900,3041.398739481065,4221
521,43243303,2012-06-21 09:55:49.458631000,-1.0,2244300.0,70.0,2012-06-21 09:57:34.760803000,105.30217198799801,70,2243900.0,2241900.0,2244400,2243700,2000.0,700,3083.9518589521103,4272
522,43515941,2012-06-21 09:56:06.789804000,1.0,2242400.0,100.0,2012-06-21 09:56:32.071867000,25.282062221005617,100,2243800.0,2242400.0,2242900,2241300,1400.0,1600,3133.4493016127203,4300
523,43574754,2012-06-21 09:56:10.674430000,-1.0,2243500.0,100.0,2012-06-21 09:56:15.867346000,5.192915711995738,100,2243500.0,2242400.0,2243500,2242700,1100.0,800,3133.4493016127203,4303
524,43684535,2012-06-21 09:56:15.741604000,1.0,2242700.0,100.0,2012-06-21 09:56:17.049911000,1.3083064820020809,100,2243500.0,2242700.0,2243400,2242400,800.0,1000,3133.4493016127203,4331
525,43852164,2012-06-21 09:56:21.588407000,-1.0,2242800.0,2.0,2012-06-21 09:56:24.120718000,2.5323118830056046,2,2242800.0,2242400.0,2243400,2242400,400.0,1000,3127.801534844971,4338
526,44234055,2012-06-21 09:56:47.004342000,-1.0,2243400.0,400.0,2012-06-21 09:56:54.622432000,7.6180899500031956,100,2243400.0,2242200.0,2243400,2242100,1200.0,1300,3166.400000862688,4309
527,44234055,2012-06-21 09:56:47.004342000,-1.0,2243400.0,400.0,2012-06-21 09:56:54.652977000,7.648635560995899,300,2243400.0,2242200.0,2243400,2242100,1200.0,1300,3166.400000862688,4309
528,44273092,2012-06-21 09:56:49.728142000,-1.0,2242900.0,100.0,2012-06-21 09:56:54.615830000,4.887688236995018,100,2242900.0,2241400.0,2243200,2242100,1500.0,1100,3166.400000862688,4321
529,44273095,2012-06-21 09:56:49.728272000,-1.0,2242800.0,1.0,2012-06-21 09:56:54.608783000,4.880510740993486,1,2242800.0,2241400.0,2242900,2242100,1400.0,800,3166.400000862688,4322
530,44287455,2012-06-21 09:56:51.060692000,-1.0,2243200.0,10.0,2012-06-21 09:56:54.619971000,3.5592787619971205,10,2242800.0,2241400.0,2243400,2242100,1400.0,1300,3166.400000862688,4324
531,44302105,2012-06-21 09:56:52.638650000,-1.0,2243400.0,1.0,2012-06-21 09:56:54.653089000,2.0144390589994146,1,2242800.0,2241400.0,2243900,2242100,1400.0,1800,3166.400000862688,4322
532,44302914,2012-06-21 09:56:52.726691000,1.0,2242100.0,100.0,2012-06-21 09:57:09.753040000,17.02634836299694,100,2242800.0,2242100.0,2243900,2241200,700.0,2700,3166.400000862688,4323
533,44325651,2012-06-21 09:56:54.618026000,-1.0,2243100.0,100.0,2012-06-21 09:56:54.619379000,0.001352358995063696,100,2243100.0,2242100.0,2243200,2242100,1000.0,1100,3179.7161454180323,4283
534,44327074,2012-06-21 09:56:54.620311000,-1.0,2243200.0,100.0,2012-06-21 09:56:54.621521000,0.0012102659966330975,100,2243200.0,2242100.0,2243400,2242100,1100.0,1300,3173.702810319016,4284
535,44367990,2012-06-21 09:56:55.556289000,1.0,2243500.0,500.0,2012-06-21 09:56:56.117109000,0.5608201450013439,500,2243900.0,2243500.0,2243900,2242200,400.0,1700,3164.240044574334,4293
536,44368007,2012-06-21 09:56:55.556932000,1.0,2243700.0,100.0,2012-06-21 09:56:55.865018000,0.30808591400273144,100,2243900.0,2243700.0,2243900,2243700,200.0,200,3164.240044574334,4296
537,44368015,2012-06-21 09:56:55.557316000,1.0,2243700.0,100.0,2012-06-21 09:56:55.865018000,0.3077023139994708,30,2243900.0,2243700.0,2243900,2243700,200.0,200,3164.240044574334,4297
